
                    <marcx:collection>
                      <marcx:record format="danMARC2" type="Bibliographic">
                        <marcx:leader>00000n    2200000   4500</marcx:leader>
                        <marcx:datafield ind1="0" ind2="0" tag="001">
                          <marcx:subfield code="a">x312804120</marcx:subfield>
                          <marcx:subfield code="b">820040</marcx:subfield>
                          <marcx:subfield code="d">19880615</marcx:subfield>
                          <marcx:subfield code="f">a</marcx:subfield>
                        </marcx:datafield>
                        <marcx:datafield ind1="0" ind2="0" tag="004">
                          <marcx:subfield code="r">n</marcx:subfield>
                          <marcx:subfield code="a">e</marcx:subfield>
                        </marcx:datafield>
                        <marcx:datafield ind1="0" ind2="0" tag="008">
                          <marcx:subfield code="t">m</marcx:subfield>
                          <marcx:subfield code="a">1964</marcx:subfield>
                          <marcx:subfield code="l">dan</marcx:subfield>
                          <marcx:subfield code="v">3</marcx:subfield>
                        </marcx:datafield>
                        <marcx:datafield ind1="0" ind2="0" tag="009">
                          <marcx:subfield code="a">a</marcx:subfield>
                          <marcx:subfield code="g">xx</marcx:subfield>
                        </marcx:datafield>
                        <marcx:datafield ind1="0" ind2="0" tag="041">
                          <marcx:subfield code="a">dan</marcx:subfield>
                          <marcx:subfield code="c">eng</marcx:subfield>
                        </marcx:datafield>
                        <marcx:datafield ind1="0" ind2="0" tag="088">
                          <marcx:subfield code="a">003</marcx:subfield>
                        </marcx:datafield>
                        <marcx:datafield ind1="0" ind2="0" tag="096">
                          <marcx:subfield code="a">h2</marcx:subfield>
                          <marcx:subfield code="b">h 003 Dir</marcx:subfield>
                          <marcx:subfield code="c">b</marcx:subfield>
                          <marcx:subfield code="d">m102804120</marcx:subfield>
                          <marcx:subfield code="z">820040</marcx:subfield>
                        </marcx:datafield>
                        <marcx:datafield ind1="0" ind2="0" tag="100">
                          <marcx:subfield code="a">Diringer</marcx:subfield>
                          <marcx:subfield code="h">David</marcx:subfield>
                        </marcx:datafield>
                        <marcx:datafield ind1="0" ind2="0" tag="241">
                          <marcx:subfield code="a">Writing</marcx:subfield>
                        </marcx:datafield>
                        <marcx:datafield ind1="0" ind2="0" tag="245">
                          <marcx:subfield code="a">Skrift</marcx:subfield>
                          <marcx:subfield code="c">de forskellige skriftsystemer og deres udvikling</marcx:subfield>
                          <marcx:subfield code="e">David Diringer</marcx:subfield>
                          <marcx:subfield code="f">[overs. af Torben W. Langer]</marcx:subfield>
                        </marcx:datafield>
                        <marcx:datafield ind1="0" ind2="0" tag="260">
                          <marcx:subfield code="a">København</marcx:subfield>
                          <marcx:subfield code="b">Aschehoug Dansk Forlag</marcx:subfield>
                          <marcx:subfield code="c">1964</marcx:subfield>
                        </marcx:datafield>
                        <marcx:datafield ind1="0" ind2="0" tag="300">
                          <marcx:subfield code="a">271 s.</marcx:subfield>
                          <marcx:subfield code="b">ill.</marcx:subfield>
                        </marcx:datafield>
                        <marcx:datafield ind1="0" ind2="0" tag="590">
                          <marcx:subfield code="a">20070501</marcx:subfield>
                        </marcx:datafield>
                        <marcx:datafield ind1="0" ind2="0" tag="590">
                          <marcx:subfield code="a">ret961231</marcx:subfield>
                        </marcx:datafield>
                      </marcx:record>
                    </marcx:collection>
                    <os:identifier>820040-katalog:x312804120</os:identifier>
                    <os:creationDate>2007-05-14</os:creationDate>
                    <os:formatsAvailable>
                      <os:format>dkabm</os:format>
                      <os:format>marcxchange</os:format>
                    </os:formatsAvailable>
                  </os:object>
                </os:relationObject>
              </os:relation>
              <os:relation>
                <os:relationType>dbcbib:isPartOfManifestation</os:relationType>
                <os:relationUri>820050-katalog:000127927</os:relationUri>
                <os:relationObject>
                  <os:object>
                    <dkabm:record>
                      <ac:identifier>000127927|820050</ac:identifier>
                      <ac:source>Bibliotekskatalog</ac:source>
                      <dc:title>Skrift</dc:title>
                      <dc:title xsi:type="dkdcplus:full">Skrift</dc:title>
                      <dcterms:alternative>Skrift: IDA Spildevandskomiteen</dcterms:alternative>
                      <dc:description>Til og med nr. 24 hed udgiveren: Dansk Ingeniørforening - DIF</dc:description>
                      <dcterms:audience>voksenmaterialer</dcterms:audience>
                      <dc:date>1999</dc:date>
                      <dc:type xsi:type="dkdcplus:BibDK-Type">Periodikum</dc:type>
                      <dc:language xsi:type="dcterms:ISO639-2">dan</dc:language>
                      <dc:language>Dansk</dc:language>
                    </dkabm:record>