
                    <marcx:collection>
                      <marcx:record format="danMARC2" type="Bibliographic">
                        <marcx:leader>00000n    2200000   4500</marcx:leader>
                        <marcx:datafield ind1="0" ind2="0" tag="001">
                          <marcx:subfield code="a">000127927</marcx:subfield>
                          <marcx:subfield code="b">820050</marcx:subfield>
                          <marcx:subfield code="f">a</marcx:subfield>
                        </marcx:datafield>
                        <marcx:datafield ind1="0" ind2="0" tag="002">
                          <marcx:subfield code="a">X700055680</marcx:subfield>
                        </marcx:datafield>
                        <marcx:datafield ind1="0" ind2="0" tag="004">
                          <marcx:subfield code="r">n</marcx:subfield>
                          <marcx:subfield code="a">e</marcx:subfield>
                        </marcx:datafield>
                        <marcx:datafield ind1="0" ind2="0" tag="008">
                          <marcx:subfield code="t">p</marcx:subfield>
                          <marcx:subfield code="a">1974</marcx:subfield>
                          <marcx:subfield code="u">d</marcx:subfield>
                          <marcx:subfield code="z">1999</marcx:subfield>
                          <marcx:subfield code="b">dk</marcx:subfield>
                          <marcx:subfield code="l">dan</marcx:subfield>
                          <marcx:subfield code="v">4</marcx:subfield>
                        </marcx:datafield>
                        <marcx:datafield ind1="0" ind2="0" tag="009">
                          <marcx:subfield code="a">a</marcx:subfield>
                          <marcx:subfield code="g">xx</marcx:subfield>
                        </marcx:datafield>
                        <marcx:datafield ind1="0" ind2="0" tag="087">
                          <marcx:subfield code="a">628.3</marcx:subfield>
                          <marcx:subfield code="b">Spildevandsteknik, sammenfattende fremstillinger</marcx:subfield>
                          <marcx:subfield code="1">(04)</marcx:subfield>
                        </marcx:datafield>
                        <marcx:datafield ind1="0" ind2="0" tag="096">
                          <marcx:subfield code="a">LAN</marcx:subfield>
                          <marcx:subfield code="c">Specif</marcx:subfield>
                          <marcx:subfield code="s">Kælder</marcx:subfield>
                          <marcx:subfield code="t">Tidsskrifter</marcx:subfield>
                          <marcx:subfield code="y">1974-1999</marcx:subfield>
                          <marcx:subfield code="z">820050</marcx:subfield>
                        </marcx:datafield>
                        <marcx:datafield ind1="0" ind2="0" tag="245">
                          <marcx:subfield code="a">Skrift</marcx:subfield>
                          <marcx:subfield code="e">Ingeniørforeningen i Danmark. Spildevandskomiteen</marcx:subfield>
                        </marcx:datafield>
                        <marcx:datafield ind1="0" ind2="0" tag="260">
                          <marcx:subfield code="a">København</marcx:subfield>
                          <marcx:subfield code="c">1974-1999</marcx:subfield>
                        </marcx:datafield>
                        <marcx:datafield ind1="0" ind2="0" tag="559">
                          <marcx:subfield code="a">Til og med nr. 24 hed udgiveren: Dansk Ingeniørforening - DIF</marcx:subfield>
                        </marcx:datafield>
                        <marcx:datafield ind1="0" ind2="0" tag="745">
                          <marcx:subfield code="a">Skrift: IDA Spildevandskomiteen</marcx:subfield>
                        </marcx:datafield>
                        <marcx:datafield ind1="0" ind2="0" tag="980">
                          <marcx:subfield code="y">820050</marcx:subfield>
                          <marcx:subfield code="d">1974</marcx:subfield>
                          <marcx:subfield code="e">1999</marcx:subfield>
                        </marcx:datafield>
                      </marcx:record>
                    </marcx:collection>
                    <os:identifier>820050-katalog:000127927</os:identifier>
                    <os:creationDate>2003-03-11</os:creationDate>
                    <os:formatsAvailable>
                      <os:format>dkabm</os:format>
                      <os:format>marcxchange</os:format>
                    </os:formatsAvailable>
                  </os:object>
                </os:relationObject>
              </os:relation>
              <os:relation>
                <os:relationType>dbcbib:isPartOfManifestation</os:relationType>
                <os:relationUri>820050-katalog:001318810</os:relationUri>
                <os:relationObject>
                  <os:object>
                    <dkabm:record>
                      <ac:identifier>001318810|820050</ac:identifier>
                      <dc:identifier xsi:type="dkdcplus:ISSN">1600-2474</dc:identifier>
                      <ac:source>Bibliotekskatalog</ac:source>
                      <dc:title>Skrift</dc:title>
                      <dc:title xsi:type="dkdcplus:full">Skrift</dc:title>
                      <dc:description>Centeret er et samarbejde mellem Danmarks Lærerhøjskole, Roskilde Universitetscenter og Aalborg Universitet</dc:description>
                      <dc:description>Nogle numre m.tit.: Publication / Centre for Research in Learning Mathematics</dc:description>
                      <dcterms:audience>voksenmaterialer</dcterms:audience>
                      <dc:contributor>Danmarks Lærerhøjskole</dc:contributor>
                      <dc:contributor>Roskilde Universitetscenter</dc:contributor>
                      <dc:contributor>Aalborg Universitet</dc:contributor>
                      <dc:date>2003</dc:date>
                      <dc:type xsi:type="dkdcplus:BibDK-Type">Periodikum</dc:type>
                      <dc:language xsi:type="dcterms:ISO639-2">mul</dc:language>
                      <dc:language>Flere sprog</dc:language>
                    </dkabm:record>