
                    <marcx:collection>
                      <marcx:record format="danMARC2" type="Bibliographic">
                        <marcx:leader>00000n    2200000   4500</marcx:leader>
                        <marcx:datafield ind1="0" ind2="0" tag="001">
                          <marcx:subfield code="a">001318810</marcx:subfield>
                          <marcx:subfield code="b">820050</marcx:subfield>
                          <marcx:subfield code="f">a</marcx:subfield>
                        </marcx:datafield>
                        <marcx:datafield ind1="0" ind2="0" tag="002">
                          <marcx:subfield code="a">x060356161</marcx:subfield>
                        </marcx:datafield>
                        <marcx:datafield ind1="0" ind2="0" tag="004">
                          <marcx:subfield code="r">n</marcx:subfield>
                          <marcx:subfield code="a">e</marcx:subfield>
                        </marcx:datafield>
                        <marcx:datafield ind1="0" ind2="0" tag="008">
                          <marcx:subfield code="t">p</marcx:subfield>
                          <marcx:subfield code="a">1998</marcx:subfield>
                          <marcx:subfield code="u">d</marcx:subfield>
                          <marcx:subfield code="z">2003</marcx:subfield>
                          <marcx:subfield code="b">dk</marcx:subfield>
                          <marcx:subfield code="l">mul</marcx:subfield>
                          <marcx:subfield code="v">4</marcx:subfield>
                        </marcx:datafield>
                        <marcx:datafield ind1="0" ind2="0" tag="009">
                          <marcx:subfield code="a">a</marcx:subfield>
                          <marcx:subfield code="g">xx</marcx:subfield>
                        </marcx:datafield>
                        <marcx:datafield ind1="0" ind2="0" tag="022">
                          <marcx:subfield code="a">1600-2474</marcx:subfield>
                        </marcx:datafield>
                        <marcx:datafield ind1="0" ind2="0" tag="087">
                          <marcx:subfield code="a">372.851</marcx:subfield>
                          <marcx:subfield code="b">Matematikkens didaktik</marcx:subfield>
                          <marcx:subfield code="1">(04)</marcx:subfield>
                        </marcx:datafield>
                        <marcx:datafield ind1="0" ind2="0" tag="088">
                          <marcx:subfield code="a">082.1 AAU:372.851</marcx:subfield>
                        </marcx:datafield>
                        <marcx:datafield ind1="0" ind2="0" tag="096">
                          <marcx:subfield code="a">LAN</marcx:subfield>
                          <marcx:subfield code="c">Specif</marcx:subfield>
                          <marcx:subfield code="s">Kælder</marcx:subfield>
                          <marcx:subfield code="t">Magasin KOM</marcx:subfield>
                          <marcx:subfield code="v">928805</marcx:subfield>
                          <marcx:subfield code="y">1998-2003</marcx:subfield>
                          <marcx:subfield code="z">820050</marcx:subfield>
                        </marcx:datafield>
                        <marcx:datafield ind1="0" ind2="0" tag="245">
                          <marcx:subfield code="a">Skrift</marcx:subfield>
                          <marcx:subfield code="e">Center for forskning i matematiklæring</marcx:subfield>
                        </marcx:datafield>
                        <marcx:datafield ind1="0" ind2="0" tag="260">
                          <marcx:subfield code="a">Roskilde</marcx:subfield>
                          <marcx:subfield code="c">1998-2003</marcx:subfield>
                        </marcx:datafield>
                        <marcx:datafield ind1="0" ind2="0" tag="559">
                          <marcx:subfield code="a">Centeret er et samarbejde mellem Danmarks Lærerhøjskole, Roskilde Universitetscenter og Aalborg Universitet</marcx:subfield>
                        </marcx:datafield>
                        <marcx:datafield ind1="0" ind2="0" tag="559">
                          <marcx:subfield code="a">Nogle numre m.tit.: Publication / Centre for Research in Learning Mathematics</marcx:subfield>
                        </marcx:datafield>
                        <marcx:datafield ind1="0" ind2="0" tag="710">
                          <marcx:subfield code="a">Danmarks Lærerhøjskole</marcx:subfield>
                        </marcx:datafield>
                        <marcx:datafield ind1="0" ind2="0" tag="710">
                          <marcx:subfield code="a">Roskilde Universitetscenter</marcx:subfield>
                        </marcx:datafield>
                        <marcx:datafield ind1="0" ind2="0" tag="710">
                          <marcx:subfield code="a">Aalborg Universitet</marcx:subfield>
                        </marcx:datafield>
                        <marcx:datafield ind1="0" ind2="0" tag="980">
                          <marcx:subfield code="y">820050</marcx:subfield>
                          <marcx:subfield code="b">1</marcx:subfield>
                          <marcx:subfield code="c">39</marcx:subfield>
                          <marcx:subfield code="d">1998</marcx:subfield>
                          <marcx:subfield code="e">2003</marcx:subfield>
                        </marcx:datafield>
                      </marcx:record>
                    </marcx:collection>
                    <os:identifier>820050-katalog:001318810</os:identifier>
                    <os:creationDate>2003-06-25</os:creationDate>
                    <os:formatsAvailable>
                      <os:format>dkabm</os:format>
                      <os:format>marcxchange</os:format>
                    </os:formatsAvailable>
                  </os:object>
                </os:relationObject>
              </os:relation>
              <os:relation>
                <os:relationType>dbcbib:isPartOfManifestation</os:relationType>
                <os:relationUri>820150-katalog:000206657</os:relationUri>
                <os:relationObject>
                  <os:object>
                    <dkabm:record>
                      <ac:identifier>000206657|820150</ac:identifier>
                      <ac:source>Bibliotekskatalog</ac:source>
                      <dc:title>Skrift</dc:title>
                      <dc:title xsi:type="dkdcplus:full">Skrift : teksthæfte til diasserien</dc:title>
                      <dcterms:alternative>Teksthæfte til diasserien: 'Skrift' omslagstitel</dcterms:alternative>
                      <dc:subject>billedkunst</dc:subject>
                      <dc:subject>kunstakademier</dc:subject>
                      <dc:subject>skrift</dc:subject>
                      <dc:subject>undervisning</dc:subject>
                      <dcterms:audience>voksenmaterialer</dcterms:audience>
                      <dc:publisher>Skolen for Kunstpædagogik</dc:publisher>
                      <dc:contributor>Kunstpædagogisk Skole, Kunstakademiet</dc:contributor>
                      <dc:contributor>Direktoratet for Erhvervsuddannelserne</dc:contributor>
                      <dc:date>1980</dc:date>
                      <dc:type xsi:type="dkdcplus:BibDK-Type">Bog</dc:type>
                      <dc:format>illustreret</dc:format>
                      <dcterms:extent>41 s.</dcterms:extent>
                      <dc:language xsi:type="dcterms:ISO639-2">dan</dc:language>
                      <dc:language>Dansk</dc:language>
                      <dcterms:spatial>Danmark</dcterms:spatial>
                      <dcterms:spatial>København, Det Kongelige Danske Kunstakademi, Kunstpædagogisk Skole</dcterms:spatial>
                    </dkabm:record>