
                    <marcx:collection>
                      <marcx:record format="danMARC2" type="Bibliographic">
                        <marcx:leader>00000n    2200000   4500</marcx:leader>
                        <marcx:datafield ind1="0" ind2="0" tag="001">
                          <marcx:subfield code="a">000206657</marcx:subfield>
                          <marcx:subfield code="b">820150</marcx:subfield>
                          <marcx:subfield code="f">a</marcx:subfield>
                        </marcx:datafield>
                        <marcx:datafield ind1="0" ind2="0" tag="002">
                          <marcx:subfield code="d">x280780159</marcx:subfield>
                        </marcx:datafield>
                        <marcx:datafield ind1="0" ind2="0" tag="004">
                          <marcx:subfield code="r">n</marcx:subfield>
                          <marcx:subfield code="a">e</marcx:subfield>
                        </marcx:datafield>
                        <marcx:datafield ind1="0" ind2="0" tag="008">
                          <marcx:subfield code="t">m</marcx:subfield>
                          <marcx:subfield code="a">1980</marcx:subfield>
                          <marcx:subfield code="b">dk</marcx:subfield>
                          <marcx:subfield code="l">dan</marcx:subfield>
                          <marcx:subfield code="v">4</marcx:subfield>
                        </marcx:datafield>
                        <marcx:datafield ind1="0" ind2="0" tag="009">
                          <marcx:subfield code="a">a</marcx:subfield>
                          <marcx:subfield code="g">xx</marcx:subfield>
                        </marcx:datafield>
                        <marcx:datafield ind1="0" ind2="0" tag="089">
                          <marcx:subfield code="a">378.97(489)</marcx:subfield>
                        </marcx:datafield>
                        <marcx:datafield ind1="0" ind2="0" tag="089">
                          <marcx:subfield code="a">L489-2</marcx:subfield>
                        </marcx:datafield>
                        <marcx:datafield ind1="0" ind2="0" tag="089">
                          <marcx:subfield code="a">7.021</marcx:subfield>
                        </marcx:datafield>
                        <marcx:datafield ind1="0" ind2="0" tag="089">
                          <marcx:subfield code="a">003</marcx:subfield>
                        </marcx:datafield>
                        <marcx:datafield ind1="0" ind2="0" tag="096">
                          <marcx:subfield code="z">820150</marcx:subfield>
                        </marcx:datafield>
                        <marcx:datafield ind1="0" ind2="0" tag="097">
                          <marcx:subfield code="a">D 38807</marcx:subfield>
                          <marcx:subfield code="c">D 38807</marcx:subfield>
                        </marcx:datafield>
                        <marcx:datafield ind1="0" ind2="0" tag="245">
                          <marcx:subfield code="a">Skrift</marcx:subfield>
                          <marcx:subfield code="c">teksthæfte til diasserien</marcx:subfield>
                          <marcx:subfield code="e">[udg.: Kunstpædagogisk Skole og Direktoratet for Erhvervsuddannelserne]</marcx:subfield>
                        </marcx:datafield>
                        <marcx:datafield ind1="0" ind2="0" tag="260">
                          <marcx:subfield code="a">København</marcx:subfield>
                          <marcx:subfield code="b">Skolen for Kunstpædagogik</marcx:subfield>
                          <marcx:subfield code="c">1980</marcx:subfield>
                        </marcx:datafield>
                        <marcx:datafield ind1="0" ind2="0" tag="300">
                          <marcx:subfield code="a">41 s.</marcx:subfield>
                          <marcx:subfield code="b">ill.</marcx:subfield>
                        </marcx:datafield>
                        <marcx:datafield ind1="0" ind2="0" tag="591">
                          <marcx:subfield code="b">bm</marcx:subfield>
                          <marcx:subfield code="d">kli</marcx:subfield>
                        </marcx:datafield>
                        <marcx:datafield ind1="0" ind2="0" tag="593">
                          <marcx:subfield code="a">Kunstakademiet, Kulturhistorisk Laboratorium</marcx:subfield>
                        </marcx:datafield>
                        <marcx:datafield ind1="0" ind2="0" tag="595">
                          <marcx:subfield code="a">overdragelse</marcx:subfield>
                        </marcx:datafield>
                        <marcx:datafield ind1="0" ind2="0" tag="597">
                          <marcx:subfield code="a">uib.</marcx:subfield>
                        </marcx:datafield>
                        <marcx:datafield ind1="0" ind2="0" tag="599">
                          <marcx:subfield code="e">2008</marcx:subfield>
                        </marcx:datafield>
                        <marcx:datafield ind1="0" ind2="0" tag="630">
                          <marcx:subfield code="a">kunstakademier</marcx:subfield>
                        </marcx:datafield>
                        <marcx:datafield ind1="0" ind2="0" tag="630">
                          <marcx:subfield code="a">undervisning</marcx:subfield>
                        </marcx:datafield>
                        <marcx:datafield ind1="0" ind2="0" tag="630">
                          <marcx:subfield code="a">skrift</marcx:subfield>
                        </marcx:datafield>
                        <marcx:datafield ind1="0" ind2="0" tag="630">
                          <marcx:subfield code="a">billedkunst</marcx:subfield>
                        </marcx:datafield>
                        <marcx:datafield ind1="0" ind2="0" tag="633">
                          <marcx:subfield code="a">Danmark</marcx:subfield>
                        </marcx:datafield>
                        <marcx:datafield ind1="0" ind2="0" tag="633">
                          <marcx:subfield code="a">København, Det Kongelige Danske Kunstakademi, Kunstpædagogisk Skole</marcx:subfield>
                        </marcx:datafield>
                        <marcx:datafield ind1="0" ind2="0" tag="710">
                          <marcx:subfield code="a">Kunstpædagogisk Skole, Kunstakademiet</marcx:subfield>
                        </marcx:datafield>
                        <marcx:datafield ind1="0" ind2="0" tag="710">
                          <marcx:subfield code="a">Direktoratet for Erhvervsuddannelserne</marcx:subfield>
                        </marcx:datafield>
                        <marcx:datafield ind1="0" ind2="0" tag="745">
                          <marcx:subfield code="a">Teksthæfte til diasserien: 'Skrift'</marcx:subfield>
                          <marcx:subfield code="i">omslagstitel</marcx:subfield>
                        </marcx:datafield>
                      </marcx:record>
                    </marcx:collection>
                    <os:identifier>820150-katalog:000206657</os:identifier>
                    <os:creationDate>2008-11-30</os:creationDate>
                    <os:formatsAvailable>
                      <os:format>dkabm</os:format>
                      <os:format>marcxchange</os:format>
                    </os:formatsAvailable>
                  </os:object>
                </os:relationObject>
              </os:relation>
              <os:relation>
                <os:relationType>dbcbib:isPartOfManifestation</os:relationType>
                <os:relationUri>830060-katalog:49261713</os:relationUri>
                <os:relationObject>
                  <os:object>
                    <dkabm:record>
                      <ac:identifier>49261713|830060</ac:identifier>
                      <dc:identifier xsi:type="dkdcplus:ISSN">1600-2474</dc:identifier>
                      <ac:source>Bibliotekskatalog</ac:source>
                      <dc:title>Skrift</dc:title>
                      <dc:title xsi:type="dkdcplus:full">Skrift</dc:title>
                      <dcterms:alternative>Publication (Centre for Research in Learning Mathematics)</dcterms:alternative>
                      <dc:subject xsi:type="dkdcplus:DK5">37.14</dc:subject>
                      <dc:subject xsi:type="dkdcplus:DK5-Text">Skolefag i alm.</dc:subject>
                      <dc:description>Centret er et samarbejde mellem forskere på Aalborg Universitet, Danmarks Lærerhøjskole og Roskilde Universitetscenter</dc:description>
                      <dcterms:audience>voksenmaterialer</dcterms:audience>
                      <dc:publisher>Center for forskning i matematiklæring</dc:publisher>
                      <dc:contributor>Center for Forskning i Matematiklæring</dc:contributor>
                      <dc:date>2000</dc:date>
                      <dc:type xsi:type="dkdcplus:BibDK-Type">Serie</dc:type>
                      <dc:language xsi:type="dcterms:ISO639-2">mul</dc:language>
                      <dc:language>Flere sprog</dc:language>
                    </dkabm:record>