
                    <marcx:collection>
                      <marcx:record format="danMARC2" type="Bibliographic">
                        <marcx:leader>00000c    2200000   4500</marcx:leader>
                        <marcx:datafield ind1="0" ind2="0" tag="001">
                          <marcx:subfield code="a">49261713</marcx:subfield>
                          <marcx:subfield code="b">830060</marcx:subfield>
                          <marcx:subfield code="f">a</marcx:subfield>
                        </marcx:datafield>
                        <marcx:datafield ind1="0" ind2="0" tag="004">
                          <marcx:subfield code="r">c</marcx:subfield>
                          <marcx:subfield code="a">e</marcx:subfield>
                        </marcx:datafield>
                        <marcx:datafield ind1="0" ind2="0" tag="008">
                          <marcx:subfield code="t">p</marcx:subfield>
                          <marcx:subfield code="u">d</marcx:subfield>
                          <marcx:subfield code="a">1998</marcx:subfield>
                          <marcx:subfield code="z">2000</marcx:subfield>
                          <marcx:subfield code="b">dk</marcx:subfield>
                          <marcx:subfield code="c">k</marcx:subfield>
                          <marcx:subfield code="h">m</marcx:subfield>
                          <marcx:subfield code="i">b</marcx:subfield>
                          <marcx:subfield code="l">mul</marcx:subfield>
                          <marcx:subfield code="v">0</marcx:subfield>
                        </marcx:datafield>
                        <marcx:datafield ind1="0" ind2="0" tag="009">
                          <marcx:subfield code="a">a</marcx:subfield>
                          <marcx:subfield code="g">xx</marcx:subfield>
                        </marcx:datafield>
                        <marcx:datafield ind1="0" ind2="0" tag="022">
                          <marcx:subfield code="a">1600-2474</marcx:subfield>
                          <marcx:subfield code="c">hf.</marcx:subfield>
                        </marcx:datafield>
                        <marcx:datafield ind1="0" ind2="0" tag="032">
                          <marcx:subfield code="a">DPF200025</marcx:subfield>
                          <marcx:subfield code="a">DPF200403</marcx:subfield>
                        </marcx:datafield>
                        <marcx:datafield ind1="0" ind2="0" tag="082">
                          <marcx:subfield code="a">510</marcx:subfield>
                          <marcx:subfield code="c">21</marcx:subfield>
                        </marcx:datafield>
                        <marcx:datafield ind1="0" ind2="0" tag="096">
                          <marcx:subfield code="z">830060</marcx:subfield>
                          <marcx:subfield code="f">BK</marcx:subfield>
                        </marcx:datafield>
                        <marcx:datafield ind1="0" ind2="0" tag="096">
                          <marcx:subfield code="z">830060</marcx:subfield>
                          <marcx:subfield code="f">BK</marcx:subfield>
                          <marcx:subfield code="d">Faglokale</marcx:subfield>
                        </marcx:datafield>
                        <marcx:datafield ind1="0" ind2="0" tag="096">
                          <marcx:subfield code="z">830060</marcx:subfield>
                          <marcx:subfield code="t">20000831</marcx:subfield>
                        </marcx:datafield>
                        <marcx:datafield ind1="0" ind2="0" tag="222">
                          <marcx:subfield code="a">Skrift</marcx:subfield>
                          <marcx:subfield code="b">Center for forskning i matematiklæring</marcx:subfield>
                        </marcx:datafield>
                        <marcx:datafield ind1="0" ind2="0" tag="245">
                          <marcx:subfield code="a">Skrift</marcx:subfield>
                          <marcx:subfield code="æ">Center for forskning i matematiklæring</marcx:subfield>
                        </marcx:datafield>
                        <marcx:datafield ind1="0" ind2="0" tag="255">
                          <marcx:subfield code="a">Nr. 1 (december 1998)-no. 14 (March 2000)</marcx:subfield>
                        </marcx:datafield>
                        <marcx:datafield ind1="0" ind2="0" tag="260">
                          <marcx:subfield code="a">[Roskilde]</marcx:subfield>
                          <marcx:subfield code="b">Center for forskning i matematiklæring</marcx:subfield>
                          <marcx:subfield code="c">1998-2000</marcx:subfield>
                        </marcx:datafield>
                        <marcx:datafield ind1="0" ind2="0" tag="500">
                          <marcx:subfield code="a">Uregelmæssig</marcx:subfield>
                        </marcx:datafield>
                        <marcx:datafield ind1="0" ind2="0" tag="512">
                          <marcx:subfield code="i">Nogle numre med titel</marcx:subfield>
                          <marcx:subfield code="t">Publication (Centre for Research in Learning Mathematics)</marcx:subfield>
                        </marcx:datafield>
                        <marcx:datafield ind1="0" ind2="0" tag="512">
                          <marcx:subfield code="a">Centret er et samarbejde mellem forskere på Aalborg Universitet, Danmarks Lærerhøjskole og Roskilde Universitetscenter</marcx:subfield>
                        </marcx:datafield>
                        <marcx:datafield ind1="0" ind2="0" tag="652">
                          <marcx:subfield code="m">37.14</marcx:subfield>
                        </marcx:datafield>
                        <marcx:datafield ind1="0" ind2="0" tag="652">
                          <marcx:subfield code="p">51</marcx:subfield>
                        </marcx:datafield>
                        <marcx:datafield ind1="0" ind2="0" tag="710">
                          <marcx:subfield code="a">Center for Forskning i Matematiklæring</marcx:subfield>
                        </marcx:datafield>
                        <marcx:datafield ind1="0" ind2="0" tag="910">
                          <marcx:subfield code="a">Centre for Research in Learning Mathematics</marcx:subfield>
                          <marcx:subfield code="z">710</marcx:subfield>
                        </marcx:datafield>
                        <marcx:datafield ind1="0" ind2="0" tag="996">
                          <marcx:subfield code="a">810010</marcx:subfield>
                        </marcx:datafield>
                      </marcx:record>
                    </marcx:collection>
                    <os:identifier>830060-katalog:49261713</os:identifier>
                    <os:creationDate>2000-08-31</os:creationDate>
                    <os:formatsAvailable>
                      <os:format>dkabm</os:format>
                      <os:format>marcxchange</os:format>
                    </os:formatsAvailable>
                  </os:object>
                </os:relationObject>
              </os:relation>
              <os:relation>
                <os:relationType>dbcbib:isPartOfManifestation</os:relationType>
                <os:relationUri>830080-katalog:000013095</os:relationUri>
                <os:relationObject>
                  <os:object>
                    <dkabm:record>
                      <ac:identifier>000013095|830080</ac:identifier>
                      <ac:source>Bibliotekskatalog</ac:source>
                      <dc:title>Skrift</dc:title>
                      <dc:title xsi:type="dkdcplus:full">Skrift : Skriftens historie i tekst og billeder</dc:title>
                      <dcterms:audience>voksenmaterialer</dcterms:audience>
                      <dc:publisher>Nyt nordisk forlag, Arnold Busck's boghandel</dc:publisher>
                      <dc:contributor>Charles Moegreen</dc:contributor>
                      <dc:contributor>Henry Thejls</dc:contributor>
                      <dc:date>1944</dc:date>
                      <dc:type xsi:type="dkdcplus:BibDK-Type">Bog</dc:type>
                      <dcterms:extent>84 s.</dcterms:extent>
                      <dc:language xsi:type="dcterms:ISO639-2">und</dc:language>
                      <dc:language>Sproget kan ikke bestemmes</dc:language>
                    </dkabm:record>