
                    <marcx:collection>
                      <marcx:record format="danMARC2" type="Bibliographic">
                        <marcx:leader>00000n    2200000   4500</marcx:leader>
                        <marcx:datafield ind1="0" ind2="0" tag="001">
                          <marcx:subfield code="a">000013095</marcx:subfield>
                          <marcx:subfield code="b">830080</marcx:subfield>
                          <marcx:subfield code="f">a</marcx:subfield>
                        </marcx:datafield>
                        <marcx:datafield ind1="0" ind2="0" tag="004">
                          <marcx:subfield code="r">n</marcx:subfield>
                          <marcx:subfield code="a">e</marcx:subfield>
                        </marcx:datafield>
                        <marcx:datafield ind1="0" ind2="0" tag="008">
                          <marcx:subfield code="t">m</marcx:subfield>
                          <marcx:subfield code="a">1944</marcx:subfield>
                          <marcx:subfield code="l">und</marcx:subfield>
                          <marcx:subfield code="v">9</marcx:subfield>
                        </marcx:datafield>
                        <marcx:datafield ind1="0" ind2="0" tag="009">
                          <marcx:subfield code="a">a</marcx:subfield>
                          <marcx:subfield code="g">xx</marcx:subfield>
                        </marcx:datafield>
                        <marcx:datafield ind1="0" ind2="0" tag="041">
                          <marcx:subfield code="a">und</marcx:subfield>
                        </marcx:datafield>
                        <marcx:datafield ind1="0" ind2="0" tag="088">
                          <marcx:subfield code="a">655.26</marcx:subfield>
                        </marcx:datafield>
                        <marcx:datafield ind1="0" ind2="0" tag="096">
                          <marcx:subfield code="a">7800 M</marcx:subfield>
                          <marcx:subfield code="f">FMAG</marcx:subfield>
                          <marcx:subfield code="g">Bog</marcx:subfield>
                          <marcx:subfield code="y">1</marcx:subfield>
                          <marcx:subfield code="z">830080</marcx:subfield>
                        </marcx:datafield>
                        <marcx:datafield ind1="0" ind2="0" tag="097">
                          <marcx:subfield code="a">01</marcx:subfield>
                        </marcx:datafield>
                        <marcx:datafield ind1="0" ind2="0" tag="245">
                          <marcx:subfield code="a">Skrift</marcx:subfield>
                          <marcx:subfield code="c">Skriftens historie i tekst og billeder</marcx:subfield>
                        </marcx:datafield>
                        <marcx:datafield ind1="0" ind2="0" tag="260">
                          <marcx:subfield code="a">S.l</marcx:subfield>
                          <marcx:subfield code="b">Nyt nordisk forlag, Arnold Busck's boghandel</marcx:subfield>
                          <marcx:subfield code="c">1944</marcx:subfield>
                        </marcx:datafield>
                        <marcx:datafield ind1="0" ind2="0" tag="300">
                          <marcx:subfield code="a">84 s.</marcx:subfield>
                        </marcx:datafield>
                        <marcx:datafield ind1="0" ind2="0" tag="569">
                          <marcx:subfield code="a">00840059.tif</marcx:subfield>
                        </marcx:datafield>
                        <marcx:datafield ind1="0" ind2="0" tag="571">
                          <marcx:subfield code="a">Moegreen, Charles og Henry Thejls.</marcx:subfield>
                        </marcx:datafield>
                        <marcx:datafield ind1="0" ind2="0" tag="590">
                          <marcx:subfield code="a">00</marcx:subfield>
                          <marcx:subfield code="b">12-99</marcx:subfield>
                        </marcx:datafield>
                        <marcx:datafield ind1="0" ind2="0" tag="700">
                          <marcx:subfield code="a">Moegreen</marcx:subfield>
                          <marcx:subfield code="h">Charles</marcx:subfield>
                        </marcx:datafield>
                        <marcx:datafield ind1="0" ind2="0" tag="700">
                          <marcx:subfield code="a">Thejls</marcx:subfield>
                          <marcx:subfield code="h">Henry</marcx:subfield>
                        </marcx:datafield>
                      </marcx:record>
                    </marcx:collection>
                    <os:identifier>830080-katalog:000013095</os:identifier>
                    <os:creationDate>2003-06-18</os:creationDate>
                    <os:formatsAvailable>
                      <os:format>dkabm</os:format>
                      <os:format>marcxchange</os:format>
                    </os:formatsAvailable>
                  </os:object>
                </os:relationObject>
              </os:relation>
              <os:relation>
                <os:relationType>dbcbib:isPartOfManifestation</os:relationType>
                <os:relationUri>850580-katalog:000021207</os:relationUri>
                <os:relationObject>
                  <os:object>
                    <dkabm:record>
                      <ac:identifier>000021207|850580</ac:identifier>
                      <ac:source>Bibliotekskatalog</ac:source>
                      <dc:title>Skrift</dc:title>
                      <dc:title xsi:type="dkdcplus:full">Skrift : de forskellige skriftsystemer og deres udvikling</dc:title>
                      <dc:subject>boghåndværk</dc:subject>
                      <dc:subject>skrift</dc:subject>
                      <dc:subject>skrifttyper</dc:subject>
                      <dcterms:audience>voksenmaterialer</dcterms:audience>
                      <dc:publisher>s.n.</dc:publisher>
                      <dc:contributor>David Diringer</dc:contributor>
                      <dc:date>1962</dc:date>
                      <dc:type xsi:type="dkdcplus:BibDK-Type">Bog</dc:type>
                      <dc:format>illustreret</dc:format>
                      <dcterms:extent>271 s.</dcterms:extent>
                      <dc:language xsi:type="dcterms:ISO639-2">dan</dc:language>
                      <dc:language>Dansk</dc:language>
                    </dkabm:record>