
                    <marcx:collection>
                      <marcx:record format="danMARC2" type="Bibliographic">
                        <marcx:leader>00000n    2200000   4500</marcx:leader>
                        <marcx:datafield ind1="0" ind2="0" tag="001">
                          <marcx:subfield code="a">000021207</marcx:subfield>
                          <marcx:subfield code="b">850580</marcx:subfield>
                          <marcx:subfield code="f">a</marcx:subfield>
                        </marcx:datafield>
                        <marcx:datafield ind1="0" ind2="0" tag="002">
                          <marcx:subfield code="d">000018578</marcx:subfield>
                        </marcx:datafield>
                        <marcx:datafield ind1="0" ind2="0" tag="002">
                          <marcx:subfield code="d">x263165654</marcx:subfield>
                        </marcx:datafield>
                        <marcx:datafield ind1="0" ind2="0" tag="004">
                          <marcx:subfield code="r">n</marcx:subfield>
                          <marcx:subfield code="a">e</marcx:subfield>
                        </marcx:datafield>
                        <marcx:datafield ind1="0" ind2="0" tag="008">
                          <marcx:subfield code="t">m</marcx:subfield>
                          <marcx:subfield code="a">1962</marcx:subfield>
                          <marcx:subfield code="b">dk</marcx:subfield>
                          <marcx:subfield code="l">dan</marcx:subfield>
                          <marcx:subfield code="v">4</marcx:subfield>
                        </marcx:datafield>
                        <marcx:datafield ind1="0" ind2="0" tag="009">
                          <marcx:subfield code="a">a</marcx:subfield>
                          <marcx:subfield code="g">xx</marcx:subfield>
                        </marcx:datafield>
                        <marcx:datafield ind1="0" ind2="0" tag="088">
                          <marcx:subfield code="a">Boghåndværk</marcx:subfield>
                        </marcx:datafield>
                        <marcx:datafield ind1="0" ind2="0" tag="096">
                          <marcx:subfield code="z">850580</marcx:subfield>
                          <marcx:subfield code="u">Ex.1 bortkommet : 920700 , ex.2 udlånes ikke</marcx:subfield>
                        </marcx:datafield>
                        <marcx:datafield ind1="0" ind2="0" tag="097">
                          <marcx:subfield code="a">I10415</marcx:subfield>
                        </marcx:datafield>
                        <marcx:datafield ind1="0" ind2="0" tag="098">
                          <marcx:subfield code="a">(29553) ex.1,</marcx:subfield>
                          <marcx:subfield code="c">(50116) ex.2</marcx:subfield>
                        </marcx:datafield>
                        <marcx:datafield ind1="0" ind2="0" tag="099">
                          <marcx:subfield code="u">Ex.1 bortkommet : 920700 , ex.2 udlånes ikke</marcx:subfield>
                        </marcx:datafield>
                        <marcx:datafield ind1="0" ind2="0" tag="245">
                          <marcx:subfield code="a">Skrift</marcx:subfield>
                          <marcx:subfield code="c">de forskellige skriftsystemer og deres udvikling</marcx:subfield>
                        </marcx:datafield>
                        <marcx:datafield ind1="0" ind2="0" tag="260">
                          <marcx:subfield code="a">København</marcx:subfield>
                          <marcx:subfield code="b">[s.n.]</marcx:subfield>
                          <marcx:subfield code="c">1962</marcx:subfield>
                        </marcx:datafield>
                        <marcx:datafield ind1="0" ind2="0" tag="300">
                          <marcx:subfield code="a">271 s.</marcx:subfield>
                          <marcx:subfield code="b">ill.</marcx:subfield>
                        </marcx:datafield>
                        <marcx:datafield ind1="0" ind2="0" tag="591">
                          <marcx:subfield code="d">IRA</marcx:subfield>
                        </marcx:datafield>
                        <marcx:datafield ind1="0" ind2="0" tag="631">
                          <marcx:subfield code="a">skrift</marcx:subfield>
                        </marcx:datafield>
                        <marcx:datafield ind1="0" ind2="0" tag="631">
                          <marcx:subfield code="a">skrifttyper</marcx:subfield>
                        </marcx:datafield>
                        <marcx:datafield ind1="0" ind2="0" tag="631">
                          <marcx:subfield code="a">boghåndværk</marcx:subfield>
                        </marcx:datafield>
                        <marcx:datafield ind1="0" ind2="0" tag="700">
                          <marcx:subfield code="a">Diringer</marcx:subfield>
                          <marcx:subfield code="h">David</marcx:subfield>
                        </marcx:datafield>
                      </marcx:record>
                    </marcx:collection>
                    <os:identifier>850580-katalog:000021207</os:identifier>
                    <os:creationDate>2003-09-29</os:creationDate>
                    <os:formatsAvailable>
                      <os:format>dkabm</os:format>
                      <os:format>marcxchange</os:format>
                    </os:formatsAvailable>
                  </os:object>
                </os:relationObject>
              </os:relation>
              <os:relation>
                <os:relationType>dbcbib:isPartOfManifestation</os:relationType>
                <os:relationUri>875440-katalog:OT9704591</os:relationUri>
                <os:relationObject>
                  <os:object>
                    <dkabm:record>
                      <ac:identifier>OT9704591|875440</ac:identifier>
                      <ac:source>Bibliotekskatalog</ac:source>
                      <dc:title>Skrift</dc:title>
                      <dc:title xsi:type="dkdcplus:full">Skrift : Grafisk 2-3-01</dc:title>
                      <dc:subject xsi:type="dkdcplus:DK5">00.1</dc:subject>
                      <dc:subject xsi:type="dkdcplus:DK5-Text">Bogtryk</dc:subject>
                      <dcterms:audience>voksenmaterialer</dcterms:audience>
                      <dc:publisher>Erhvervsskolernes Forlag</dc:publisher>
                      <dc:date>1992</dc:date>
                      <dc:type xsi:type="dkdcplus:BibDK-Type">Bog</dc:type>
                      <dc:format>illustreret</dc:format>
                      <dcterms:extent>58 s.</dcterms:extent>
                    </dkabm:record>