
                    <marcx:collection>
                      <marcx:record format="danMARC2" type="Bibliographic">
                        <marcx:leader>00000n    2200000   4500</marcx:leader>
                        <marcx:datafield ind1="0" ind2="0" tag="001">
                          <marcx:subfield code="a">OT9704591</marcx:subfield>
                          <marcx:subfield code="b">875440</marcx:subfield>
                          <marcx:subfield code="f">a</marcx:subfield>
                        </marcx:datafield>
                        <marcx:datafield ind1="0" ind2="0" tag="004">
                          <marcx:subfield code="r">n</marcx:subfield>
                          <marcx:subfield code="a">e</marcx:subfield>
                        </marcx:datafield>
                        <marcx:datafield ind1="0" ind2="0" tag="008">
                          <marcx:subfield code="t">m</marcx:subfield>
                          <marcx:subfield code="v">4</marcx:subfield>
                        </marcx:datafield>
                        <marcx:datafield ind1="0" ind2="0" tag="009">
                          <marcx:subfield code="a">a</marcx:subfield>
                          <marcx:subfield code="g">xx</marcx:subfield>
                        </marcx:datafield>
                        <marcx:datafield ind1="0" ind2="0" tag="096">
                          <marcx:subfield code="z">875440</marcx:subfield>
                        </marcx:datafield>
                        <marcx:datafield ind1="0" ind2="0" tag="245">
                          <marcx:subfield code="a">Skrift</marcx:subfield>
                          <marcx:subfield code="c">Grafisk 2-3-01</marcx:subfield>
                        </marcx:datafield>
                        <marcx:datafield ind1="0" ind2="0" tag="260">
                          <marcx:subfield code="a">Odense</marcx:subfield>
                          <marcx:subfield code="b">Erhvervsskolernes Forlag</marcx:subfield>
                          <marcx:subfield code="c">1992</marcx:subfield>
                        </marcx:datafield>
                        <marcx:datafield ind1="0" ind2="0" tag="300">
                          <marcx:subfield code="a">58 s.</marcx:subfield>
                          <marcx:subfield code="b">ill.</marcx:subfield>
                        </marcx:datafield>
                        <marcx:datafield ind1="0" ind2="0" tag="652">
                          <marcx:subfield code="m">00.1</marcx:subfield>
                        </marcx:datafield>
                      </marcx:record>
                    </marcx:collection>
                    <os:identifier>875440-katalog:OT9704591</os:identifier>
                    <os:creationDate>2014-02-14</os:creationDate>
                    <os:formatsAvailable>
                      <os:format>dkabm</os:format>
                      <os:format>marcxchange</os:format>
                    </os:formatsAvailable>
                  </os:object>
                </os:relationObject>
              </os:relation>
              <os:relation>
                <os:relationType>dbcbib:isPartOfManifestation</os:relationType>
                <os:relationUri>870970-basis:51385756</os:relationUri>
                <os:relationObject>
                  <os:object>
                    <dkabm:record>
                      <ac:identifier>51385756|870970</ac:identifier>
                      <dc:identifier xsi:type="dkdcplus:ISBN">9788790423216</dc:identifier>
                      <dc:identifier xsi:type="dkdcplus:ISSN">0901-7100</dc:identifier>
                      <ac:source>Bibliotekskatalog</ac:source>
                      <dc:title>Skrift</dc:title>
                      <dc:title xsi:type="dkdcplus:full">Skrift. 2014 (nr. 30)</dc:title>
                      <dcterms:alternative>Vendsyssel-Gildets skrift</dcterms:alternative>
                      <dcterms:alternative>Vendsysselgildets skrift</dcterms:alternative>
                      <dc:subject xsi:type="dkdcplus:DK5">89.667</dc:subject>
                      <dc:subject xsi:type="dkdcplus:DK5-Text">Jyske dialekter</dc:subject>
                      <dcterms:audience>voksenmaterialer</dcterms:audience>
                      <dc:publisher>Vendsyssel-Gildet</dc:publisher>
                      <dc:contributor>Vendsyssel-Gildet</dc:contributor>
                      <dc:date>2014</dc:date>
                      <dc:date>1985</dc:date>
                      <dc:type xsi:type="dkdcplus:BibDK-Type">Årbog</dc:type>
                      <dc:format>Ill.</dc:format>
                      <dcterms:extent>64 sider</dcterms:extent>
                      <dc:language xsi:type="dcterms:ISO639-2">dan</dc:language>
                      <dc:language>Dansk</dc:language>
                    </dkabm:record>