
                      <marcx:record format="danMARC2" type="BibliographicMain">
                        <marcx:leader>00000c    2200000   4500</marcx:leader>
                        <marcx:datafield ind1="0" ind2="0" tag="001">
                          <marcx:subfield code="a">50489140</marcx:subfield>
                          <marcx:subfield code="b">870970</marcx:subfield>
                          <marcx:subfield code="c">20130322085729</marcx:subfield>
                          <marcx:subfield code="d">19860604</marcx:subfield>
                          <marcx:subfield code="f">a</marcx:subfield>
                        </marcx:datafield>
                        <marcx:datafield ind1="0" ind2="0" tag="004">
                          <marcx:subfield code="r">c</marcx:subfield>
                          <marcx:subfield code="a">h</marcx:subfield>
                        </marcx:datafield>
                        <marcx:datafield ind1="0" ind2="0" tag="008">
                          <marcx:subfield code="u">c</marcx:subfield>
                          <marcx:subfield code="a">1985</marcx:subfield>
                          <marcx:subfield code="b">dk</marcx:subfield>
                          <marcx:subfield code="c">a</marcx:subfield>
                          <marcx:subfield code="d">y</marcx:subfield>
                          <marcx:subfield code="h">z</marcx:subfield>
                          <marcx:subfield code="i">b</marcx:subfield>
                          <marcx:subfield code="l">dan</marcx:subfield>
                          <marcx:subfield code="v">0</marcx:subfield>
                        </marcx:datafield>
                        <marcx:datafield ind1="0" ind2="0" tag="009">
                          <marcx:subfield code="a">a</marcx:subfield>
                          <marcx:subfield code="g">xx</marcx:subfield>
                        </marcx:datafield>
                        <marcx:datafield ind1="0" ind2="0" tag="018">
                          <marcx:subfield code="a">07002025</marcx:subfield>
                        </marcx:datafield>
                        <marcx:datafield ind1="0" ind2="0" tag="022">
                          <marcx:subfield code="a">0901-7100</marcx:subfield>
                        </marcx:datafield>
                        <marcx:datafield ind1="0" ind2="0" tag="082">
                          <marcx:subfield code="a">439.81</marcx:subfield>
                        </marcx:datafield>
                        <marcx:datafield ind1="0" ind2="0" tag="222">
                          <marcx:subfield code="a">Skrift</marcx:subfield>
                          <marcx:subfield code="b">Vendsyssel-Gildet</marcx:subfield>
                        </marcx:datafield>
                        <marcx:datafield ind1="0" ind2="0" tag="245">
                          <marcx:subfield code="a">Skrift</marcx:subfield>
                          <marcx:subfield code="æ">Vendsyssel-Gildet</marcx:subfield>
                        </marcx:datafield>
                        <marcx:datafield ind1="0" ind2="0" tag="255">
                          <marcx:subfield code="a">Nr. 1 (nov. 1985)-</marcx:subfield>
                        </marcx:datafield>
                        <marcx:datafield ind1="0" ind2="0" tag="260">
                          <marcx:subfield code="&amp;">1</marcx:subfield>
                          <marcx:subfield code="a">Brønderslev</marcx:subfield>
                          <marcx:subfield code="b">Vendsyssel-Gildet</marcx:subfield>
                          <marcx:subfield code="c">1985-</marcx:subfield>
                        </marcx:datafield>
                        <marcx:datafield ind1="0" ind2="0" tag="300">
                          <marcx:subfield code="b">Ill.</marcx:subfield>
                        </marcx:datafield>
                        <marcx:datafield ind1="0" ind2="0" tag="500">
                          <marcx:subfield code="a">Årlig</marcx:subfield>
                        </marcx:datafield>
                        <marcx:datafield ind1="0" ind2="0" tag="505">
                          <marcx:subfield code="&amp;">1</marcx:subfield>
                          <marcx:subfield code="a">Årspublikation</marcx:subfield>
                        </marcx:datafield>
                        <marcx:datafield ind1="0" ind2="0" tag="512">
                          <marcx:subfield code="i">Varianttitel</marcx:subfield>
                          <marcx:subfield code="t">Vendsyssel-Gildets skrift</marcx:subfield>
                        </marcx:datafield>
                        <marcx:datafield ind1="0" ind2="0" tag="512">
                          <marcx:subfield code="i">Varianttitel</marcx:subfield>
                          <marcx:subfield code="t">Vendsysselgildets skrift</marcx:subfield>
                        </marcx:datafield>
                        <marcx:datafield ind1="0" ind2="0" tag="539">
                          <marcx:subfield code="a">Nr. 28 (2012)</marcx:subfield>
                        </marcx:datafield>
                        <marcx:datafield ind1="0" ind2="0" tag="652">
                          <marcx:subfield code="m">89.667</marcx:subfield>
                        </marcx:datafield>
                        <marcx:datafield ind1="0" ind2="0" tag="710">
                          <marcx:subfield code="a">Vendsyssel-Gildet</marcx:subfield>
                        </marcx:datafield>
                        <marcx:datafield ind1="0" ind2="0" tag="910">
                          <marcx:subfield code="a">Vendsysselgildet</marcx:subfield>
                          <marcx:subfield code="z">710</marcx:subfield>
                        </marcx:datafield>
                        <marcx:datafield ind1="0" ind2="0" tag="910">
                          <marcx:subfield code="a">Foreningen til Bevarelse af Vendelbomålet</marcx:subfield>
                          <marcx:subfield code="z">710</marcx:subfield>
                        </marcx:datafield>
                      </marcx:record>