
                    <marcx:collection>
                      <marcx:record format="danMARC2" type="Bibliographic">
                        <marcx:leader>00000n    2200000   4500</marcx:leader>
                        <marcx:datafield ind1="0" ind2="0" tag="001">
                          <marcx:subfield code="a">000141089</marcx:subfield>
                          <marcx:subfield code="b">820050</marcx:subfield>
                          <marcx:subfield code="f">a</marcx:subfield>
                        </marcx:datafield>
                        <marcx:datafield ind1="0" ind2="0" tag="002">
                          <marcx:subfield code="a">x700170250</marcx:subfield>
                        </marcx:datafield>
                        <marcx:datafield ind1="0" ind2="0" tag="004">
                          <marcx:subfield code="r">n</marcx:subfield>
                          <marcx:subfield code="a">e</marcx:subfield>
                        </marcx:datafield>
                        <marcx:datafield ind1="0" ind2="0" tag="008">
                          <marcx:subfield code="t">p</marcx:subfield>
                          <marcx:subfield code="a">1985</marcx:subfield>
                          <marcx:subfield code="u">d</marcx:subfield>
                          <marcx:subfield code="z">1990</marcx:subfield>
                          <marcx:subfield code="b">dk</marcx:subfield>
                          <marcx:subfield code="l">dan</marcx:subfield>
                          <marcx:subfield code="v">4</marcx:subfield>
                        </marcx:datafield>
                        <marcx:datafield ind1="0" ind2="0" tag="009">
                          <marcx:subfield code="a">a</marcx:subfield>
                          <marcx:subfield code="g">xx</marcx:subfield>
                        </marcx:datafield>
                        <marcx:datafield ind1="0" ind2="0" tag="087">
                          <marcx:subfield code="a">301.176</marcx:subfield>
                          <marcx:subfield code="b">Bysociologi</marcx:subfield>
                          <marcx:subfield code="1">(489) Danmark</marcx:subfield>
                          <marcx:subfield code="1">(04)</marcx:subfield>
                        </marcx:datafield>
                        <marcx:datafield ind1="0" ind2="0" tag="089">
                          <marcx:subfield code="a">331.61-052.623</marcx:subfield>
                          <marcx:subfield code="1">(489) Danmark</marcx:subfield>
                          <marcx:subfield code="1">(04)</marcx:subfield>
                        </marcx:datafield>
                        <marcx:datafield ind1="0" ind2="0" tag="089">
                          <marcx:subfield code="a">301.185.2</marcx:subfield>
                          <marcx:subfield code="b">Regionalsociologi, lokalsamfund</marcx:subfield>
                          <marcx:subfield code="1">(489) Danmark</marcx:subfield>
                          <marcx:subfield code="1">(04)</marcx:subfield>
                        </marcx:datafield>
                        <marcx:datafield ind1="0" ind2="0" tag="096">
                          <marcx:subfield code="a">LAN</marcx:subfield>
                          <marcx:subfield code="c">Specif</marcx:subfield>
                          <marcx:subfield code="s">Kælder</marcx:subfield>
                          <marcx:subfield code="t">Magasin MTS</marcx:subfield>
                          <marcx:subfield code="y">1985-1990</marcx:subfield>
                          <marcx:subfield code="z">820050</marcx:subfield>
                        </marcx:datafield>
                        <marcx:datafield ind1="0" ind2="0" tag="245">
                          <marcx:subfield code="a">Skrift</marcx:subfield>
                          <marcx:subfield code="e">Forlaget ALFUFF</marcx:subfield>
                        </marcx:datafield>
                        <marcx:datafield ind1="0" ind2="0" tag="260">
                          <marcx:subfield code="a">Aalborg</marcx:subfield>
                          <marcx:subfield code="c">1985-1990.</marcx:subfield>
                        </marcx:datafield>
                        <marcx:datafield ind1="0" ind2="0" tag="710">
                          <marcx:subfield code="a">Aalborg Universitetscenter</marcx:subfield>
                          <marcx:subfield code="c">Forskningsgruppen vedrørende Arbejds- og Levemiljøer</marcx:subfield>
                        </marcx:datafield>
                        <marcx:datafield ind1="0" ind2="0" tag="980">
                          <marcx:subfield code="y">820050</marcx:subfield>
                          <marcx:subfield code="b">1</marcx:subfield>
                          <marcx:subfield code="c">10</marcx:subfield>
                          <marcx:subfield code="d">1985</marcx:subfield>
                          <marcx:subfield code="e">1990</marcx:subfield>
                          <marcx:subfield code="g">1</marcx:subfield>
                          <marcx:subfield code="v">Nr.</marcx:subfield>
                          <marcx:subfield code="m">Mgl. nr. 5,7-9</marcx:subfield>
                        </marcx:datafield>
                        <marcx:datafield ind1="0" ind2="0" tag="980">
                          <marcx:subfield code="y">820050</marcx:subfield>
                          <marcx:subfield code="b">1</marcx:subfield>
                          <marcx:subfield code="c">10</marcx:subfield>
                          <marcx:subfield code="d">1985</marcx:subfield>
                          <marcx:subfield code="e">1990</marcx:subfield>
                          <marcx:subfield code="g">1</marcx:subfield>
                          <marcx:subfield code="v">Nr.</marcx:subfield>
                          <marcx:subfield code="m">Mgl. nr. 5,7-9</marcx:subfield>
                        </marcx:datafield>
                      </marcx:record>
                    </marcx:collection>
                    <os:identifier>820050-katalog:000141089</os:identifier>
                    <os:creationDate>2003-03-11</os:creationDate>
                    <os:formatsAvailable>
                      <os:format>dkabm</os:format>
                      <os:format>marcxchange</os:format>
                    </os:formatsAvailable>
                  </os:object>
                </os:relationObject>
              </os:relation>
              <os:relation>
                <os:relationType>dbcbib:isPartOfManifestation</os:relationType>
                <os:relationUri>810010-katalog:001532923</os:relationUri>
                <os:relationObject>
                  <os:object>
                    <dkabm:record>
                      <ac:identifier>001532923|810010</ac:identifier>
                      <dc:identifier xsi:type="dkdcplus:ISSN">0800-1855</dc:identifier>
                      <ac:source>Bibliotekskatalog</ac:source>
                      <dc:title>Skrift</dc:title>
                      <dc:title xsi:type="dkdcplus:full">Skrift</dc:title>
                      <dcterms:alternative>Nr. 1-nr. 3 med titel Skrift Bergverksmuseet</dcterms:alternative>
                      <dc:subject xsi:type="dkdcplus:DK5">69.95</dc:subject>
                      <dc:subject xsi:type="dcterms:LCSH">Silver mines and mining</dc:subject>
                      <dc:subject xsi:type="dkdcplus:DK5-Text">Udvinding af malme</dc:subject>
                      <dcterms:audience>voksenmaterialer</dcterms:audience>
                      <dc:publisher>Norsk Bergverksmuseum</dc:publisher>
                      <dc:contributor>Norsk Bergverksmuseum</dc:contributor>
                      <dc:date>1999</dc:date>
                      <dc:type xsi:type="dkdcplus:BibDK-Type">Tidsskrift</dc:type>
                      <dc:language xsi:type="dcterms:ISO639-2">nor</dc:language>
                      <dc:language>Norsk</dc:language>
                      <dcterms:spatial>Norge</dcterms:spatial>
                    </dkabm:record>