
                    <marcx:collection>
                      <marcx:record format="danMARC2" type="Bibliographic">
                        <marcx:leader>00000c    2200000   4500</marcx:leader>
                        <marcx:datafield ind1="0" ind2="0" tag="001">
                          <marcx:subfield code="a">001532923</marcx:subfield>
                          <marcx:subfield code="b">810010</marcx:subfield>
                          <marcx:subfield code="f">a</marcx:subfield>
                        </marcx:datafield>
                        <marcx:datafield ind1="0" ind2="0" tag="002">
                          <marcx:subfield code="d">08001855</marcx:subfield>
                        </marcx:datafield>
                        <marcx:datafield ind1="0" ind2="0" tag="004">
                          <marcx:subfield code="r">c</marcx:subfield>
                          <marcx:subfield code="a">e</marcx:subfield>
                        </marcx:datafield>
                        <marcx:datafield ind1="0" ind2="0" tag="008">
                          <marcx:subfield code="t">p</marcx:subfield>
                          <marcx:subfield code="a">1983</marcx:subfield>
                          <marcx:subfield code="z">1999</marcx:subfield>
                          <marcx:subfield code="u">d</marcx:subfield>
                          <marcx:subfield code="b">no</marcx:subfield>
                          <marcx:subfield code="c">k</marcx:subfield>
                          <marcx:subfield code="h">p</marcx:subfield>
                          <marcx:subfield code="i">b</marcx:subfield>
                          <marcx:subfield code="l">nor</marcx:subfield>
                          <marcx:subfield code="v">4</marcx:subfield>
                        </marcx:datafield>
                        <marcx:datafield ind1="0" ind2="0" tag="009">
                          <marcx:subfield code="a">a</marcx:subfield>
                          <marcx:subfield code="g">xx</marcx:subfield>
                        </marcx:datafield>
                        <marcx:datafield ind1="0" ind2="0" tag="022">
                          <marcx:subfield code="a">0800-1855</marcx:subfield>
                        </marcx:datafield>
                        <marcx:datafield ind1="0" ind2="0" tag="096">
                          <marcx:subfield code="a">DAT4-C179</marcx:subfield>
                          <marcx:subfield code="z">810010</marcx:subfield>
                        </marcx:datafield>
                        <marcx:datafield ind1="0" ind2="0" tag="222">
                          <marcx:subfield code="a">Skrift</marcx:subfield>
                          <marcx:subfield code="b">Bergverksmuseet</marcx:subfield>
                        </marcx:datafield>
                        <marcx:datafield ind1="0" ind2="0" tag="245">
                          <marcx:subfield code="a">Skrift</marcx:subfield>
                          <marcx:subfield code="æ">Norsk Bergverksmuseum</marcx:subfield>
                        </marcx:datafield>
                        <marcx:datafield ind1="0" ind2="0" tag="255">
                          <marcx:subfield code="a">Nr. 1-nr. 15</marcx:subfield>
                        </marcx:datafield>
                        <marcx:datafield ind1="0" ind2="0" tag="260">
                          <marcx:subfield code="a">Kongsberg</marcx:subfield>
                          <marcx:subfield code="b">Norsk Bergverksmuseum</marcx:subfield>
                          <marcx:subfield code="c">[1983]-1999</marcx:subfield>
                        </marcx:datafield>
                        <marcx:datafield ind1="0" ind2="0" tag="565">
                          <marcx:subfield code="a">De enkelte bind katalogiseres ikke selvstændigt</marcx:subfield>
                        </marcx:datafield>
                        <marcx:datafield ind1="0" ind2="0" tag="566">
                          <marcx:subfield code="a">es/vga/jls/cj</marcx:subfield>
                        </marcx:datafield>
                        <marcx:datafield ind1="0" ind2="0" tag="595">
                          <marcx:subfield code="a">Udenlandsk ISSN</marcx:subfield>
                        </marcx:datafield>
                        <marcx:datafield ind1="0" ind2="0" tag="599">
                          <marcx:subfield code="b">bkpe921019 G</marcx:subfield>
                        </marcx:datafield>
                        <marcx:datafield ind1="0" ind2="0" tag="599">
                          <marcx:subfield code="b">bkpe20040611</marcx:subfield>
                        </marcx:datafield>
                        <marcx:datafield ind1="0" ind2="0" tag="633">
                          <marcx:subfield code="a">Norge</marcx:subfield>
                        </marcx:datafield>
                        <marcx:datafield ind1="0" ind2="0" tag="650">
                          <marcx:subfield code="a">Silver mines and mining</marcx:subfield>
                          <marcx:subfield code="z">Norway</marcx:subfield>
                          <marcx:subfield code="z">Kongsberg</marcx:subfield>
                        </marcx:datafield>
                        <marcx:datafield ind1="0" ind2="0" tag="650">
                          <marcx:subfield code="a">Silver mines and mining</marcx:subfield>
                          <marcx:subfield code="z">Norway</marcx:subfield>
                          <marcx:subfield code="z">Kongsberg</marcx:subfield>
                        </marcx:datafield>
                        <marcx:datafield ind1="0" ind2="0" tag="652">
                          <marcx:subfield code="m">69.95</marcx:subfield>
                        </marcx:datafield>
                        <marcx:datafield ind1="0" ind2="0" tag="710">
                          <marcx:subfield code="a">Norsk Bergverksmuseum</marcx:subfield>
                        </marcx:datafield>
                        <marcx:datafield ind1="0" ind2="0" tag="745">
                          <marcx:subfield code="i">Nr. 1-nr. 3 med titel</marcx:subfield>
                          <marcx:subfield code="a">Skrift</marcx:subfield>
                          <marcx:subfield code="æ">Bergverksmuseet</marcx:subfield>
                        </marcx:datafield>
                      </marcx:record>
                    </marcx:collection>
                    <os:identifier>810010-katalog:001532923</os:identifier>
                    <os:creationDate>2012-04-18</os:creationDate>
                    <os:formatsAvailable>
                      <os:format>dkabm</os:format>
                      <os:format>marcxchange</os:format>
                    </os:formatsAvailable>
                  </os:object>
                </os:relationObject>
              </os:relation>
              <os:relation>
                <os:relationType>dbcbib:isPartOfManifestation</os:relationType>
                <os:relationUri>810010-katalog:001653388</os:relationUri>
                <os:relationObject>
                  <os:object>
                    <dkabm:record>
                      <ac:identifier>001653388|810010</ac:identifier>
                      <dc:identifier xsi:type="dkdcplus:ISSN">0571-3242</dc:identifier>
                      <ac:source>Bibliotekskatalog</ac:source>
                      <dc:title>Skrift</dc:title>
                      <dc:title xsi:type="dkdcplus:full">Skrift</dc:title>
                      <dc:subject xsi:type="dkdcplus:DK5">45.4 Asker</dc:subject>
                      <dc:subject xsi:type="dcterms:LCSH">Asker (Norway) -- History</dc:subject>
                      <dc:subject xsi:type="dkdcplus:DK5-Text">Enkelte lokaliteter</dc:subject>
                      <dcterms:audience>voksenmaterialer</dcterms:audience>
                      <dc:publisher>Asker og Bærum historielag</dc:publisher>
                      <dc:contributor>Asker og Bærum historielag</dc:contributor>
                      <dc:date>1956</dc:date>
                      <dc:type xsi:type="dkdcplus:BibDK-Type">Periodikum</dc:type>
                      <dc:language xsi:type="dcterms:ISO639-2">nor</dc:language>
                      <dc:language>Norsk</dc:language>
                    </dkabm:record>