
                    <marcx:collection>
                      <marcx:record format="danMARC2" type="Bibliographic">
                        <marcx:leader>00000n    2200000   4500</marcx:leader>
                        <marcx:datafield ind1="0" ind2="0" tag="001">
                          <marcx:subfield code="a">001653388</marcx:subfield>
                          <marcx:subfield code="b">810010</marcx:subfield>
                          <marcx:subfield code="f">a</marcx:subfield>
                        </marcx:datafield>
                        <marcx:datafield ind1="0" ind2="0" tag="002">
                          <marcx:subfield code="d">05713242</marcx:subfield>
                        </marcx:datafield>
                        <marcx:datafield ind1="0" ind2="0" tag="004">
                          <marcx:subfield code="r">n</marcx:subfield>
                          <marcx:subfield code="a">e</marcx:subfield>
                        </marcx:datafield>
                        <marcx:datafield ind1="0" ind2="0" tag="008">
                          <marcx:subfield code="t">p</marcx:subfield>
                          <marcx:subfield code="a">1956</marcx:subfield>
                          <marcx:subfield code="u">c</marcx:subfield>
                          <marcx:subfield code="b">no</marcx:subfield>
                          <marcx:subfield code="l">nor</marcx:subfield>
                          <marcx:subfield code="v">4</marcx:subfield>
                        </marcx:datafield>
                        <marcx:datafield ind1="0" ind2="0" tag="009">
                          <marcx:subfield code="a">a</marcx:subfield>
                          <marcx:subfield code="g">xx</marcx:subfield>
                        </marcx:datafield>
                        <marcx:datafield ind1="0" ind2="0" tag="022">
                          <marcx:subfield code="a">0571-3242</marcx:subfield>
                        </marcx:datafield>
                        <marcx:datafield ind1="0" ind2="0" tag="050">
                          <marcx:subfield code="a">WMLC L 83/4832</marcx:subfield>
                        </marcx:datafield>
                        <marcx:datafield ind1="0" ind2="0" tag="050">
                          <marcx:subfield code="a">WMLC L 83/4832</marcx:subfield>
                        </marcx:datafield>
                        <marcx:datafield ind1="0" ind2="0" tag="096">
                          <marcx:subfield code="a">t4-as (1-30)</marcx:subfield>
                          <marcx:subfield code="u">Kan ikke hjemlånes</marcx:subfield>
                          <marcx:subfield code="r">a</marcx:subfield>
                          <marcx:subfield code="z">810010</marcx:subfield>
                        </marcx:datafield>
                        <marcx:datafield ind1="0" ind2="0" tag="245">
                          <marcx:subfield code="a">Skrift</marcx:subfield>
                          <marcx:subfield code="e">Asker og Bærum historielag</marcx:subfield>
                        </marcx:datafield>
                        <marcx:datafield ind1="0" ind2="0" tag="255">
                          <marcx:subfield code="a">1-</marcx:subfield>
                        </marcx:datafield>
                        <marcx:datafield ind1="0" ind2="0" tag="260">
                          <marcx:subfield code="a">Asker</marcx:subfield>
                          <marcx:subfield code="b">Asker og Bærum historielag</marcx:subfield>
                          <marcx:subfield code="c">1956-</marcx:subfield>
                        </marcx:datafield>
                        <marcx:datafield ind1="0" ind2="0" tag="565">
                          <marcx:subfield code="a">Ikke alle bind katalogiseres selvstændigt</marcx:subfield>
                        </marcx:datafield>
                        <marcx:datafield ind1="0" ind2="0" tag="566">
                          <marcx:subfield code="a">vgr</marcx:subfield>
                        </marcx:datafield>
                        <marcx:datafield ind1="0" ind2="0" tag="595">
                          <marcx:subfield code="a">Afbestilt 15.2.94</marcx:subfield>
                        </marcx:datafield>
                        <marcx:datafield ind1="0" ind2="0" tag="595">
                          <marcx:subfield code="a">Udenlandsk ISSN</marcx:subfield>
                        </marcx:datafield>
                        <marcx:datafield ind1="0" ind2="0" tag="599">
                          <marcx:subfield code="b">bkpe940302 G</marcx:subfield>
                        </marcx:datafield>
                        <marcx:datafield ind1="0" ind2="0" tag="651">
                          <marcx:subfield code="a">Asker (Norway)</marcx:subfield>
                          <marcx:subfield code="x">History</marcx:subfield>
                        </marcx:datafield>
                        <marcx:datafield ind1="0" ind2="0" tag="651">
                          <marcx:subfield code="a">Asker (Norway)</marcx:subfield>
                          <marcx:subfield code="x">History</marcx:subfield>
                        </marcx:datafield>
                        <marcx:datafield ind1="0" ind2="0" tag="652">
                          <marcx:subfield code="m">45.4</marcx:subfield>
                          <marcx:subfield code="b">Asker</marcx:subfield>
                        </marcx:datafield>
                        <marcx:datafield ind1="0" ind2="0" tag="652">
                          <marcx:subfield code="p">45.4</marcx:subfield>
                          <marcx:subfield code="b">Bærum</marcx:subfield>
                        </marcx:datafield>
                        <marcx:datafield ind1="0" ind2="0" tag="710">
                          <marcx:subfield code="a">Asker og Bærum historielag</marcx:subfield>
                        </marcx:datafield>
                        <marcx:datafield ind1="0" ind2="0" tag="980">
                          <marcx:subfield code="y">810010</marcx:subfield>
                          <marcx:subfield code="b">1-c30</marcx:subfield>
                          <marcx:subfield code="c">1990</marcx:subfield>
                          <marcx:subfield code="d">1956-</marcx:subfield>
                        </marcx:datafield>
                      </marcx:record>
                    </marcx:collection>
                    <os:identifier>810010-katalog:001653388</os:identifier>
                    <os:creationDate>2012-04-18</os:creationDate>
                    <os:formatsAvailable>
                      <os:format>dkabm</os:format>
                      <os:format>marcxchange</os:format>
                    </os:formatsAvailable>
                  </os:object>
                </os:relationObject>
              </os:relation>
              <os:relation>
                <os:relationType>dbcbib:isPartOfManifestation</os:relationType>
                <os:relationUri>820010-katalog:5009691</os:relationUri>
                <os:relationObject>
                  <os:object>
                    <dkabm:record>
                      <ac:identifier>5009691|820010</ac:identifier>
                      <dc:identifier xsi:type="dkdcplus:ISSN">1600-2474</dc:identifier>
                      <ac:source>Bibliotekskatalog</ac:source>
                      <dc:title>Skrift</dc:title>
                      <dc:title xsi:type="dkdcplus:full">Skrift</dc:title>
                      <dcterms:alternative>Publication / Centre for Research in Learning Mathematics</dcterms:alternative>
                      <dcterms:alternative>Forskning i matematiklæring : skriftserie,</dcterms:alternative>
                      <dcterms:alternative>Research in learning mathematics : publications</dcterms:alternative>
                      <dcterms:alternative>Skriftserie</dcterms:alternative>
                      <dcterms:alternative>Skriftserie udgivet af Center for Forskning i Matematiklæring</dcterms:alternative>
                      <dc:subject xsi:type="dkdcplus:DK5">37.14</dc:subject>
                      <dc:subject xsi:type="dkdcplus:DK5-Text">Skolefag i alm.</dc:subject>
                      <dc:subject>fag i læseplan</dc:subject>
                      <dc:subject>klassetrin elleve til tretten</dc:subject>
                      <dc:subject>klassetrin syv til ti</dc:subject>
                      <dc:subject>læreproces</dc:subject>
                      <dc:subject>matematik</dc:subject>
                      <dc:subject>prøveforb. voksenundervisning</dc:subject>
                      <dc:description>Centret er et samarbejde mellem forskere på Aalborg Universitet, Danmarks Pædagogiske Universitet (tidligere Danmarks Lærerhøjskole) og Roskilde Universitetscenter</dc:description>
                      <dcterms:audience>voksenmaterialer</dcterms:audience>
                      <dc:publisher>Center for forskning i matematiklæring</dc:publisher>
                      <dc:contributor>Center for Forskning i Matematiklæring</dc:contributor>
                      <dc:date>1998</dc:date>
                      <dc:type xsi:type="dkdcplus:BibDK-Type">Serie</dc:type>
                      <dc:language xsi:type="dcterms:ISO639-2">mul</dc:language>
                      <dc:language>Flere sprog</dc:language>
                      <dc:language xsi:type="dcterms:ISO639-2">dan</dc:language>
                      <dc:language>Dansk</dc:language>
                      <dc:language xsi:type="dcterms:ISO639-2">eng</dc:language>
                      <dc:language>Engelsk</dc:language>
                    </dkabm:record>