
                    <marcx:collection>
                      <marcx:record format="danMARC2" type="Bibliographic">
                        <marcx:leader>00000c    2200000   4500</marcx:leader>
                        <marcx:datafield ind1="0" ind2="0" tag="001">
                          <marcx:subfield code="a">5009691</marcx:subfield>
                          <marcx:subfield code="b">820010</marcx:subfield>
                          <marcx:subfield code="c">201304161943</marcx:subfield>
                          <marcx:subfield code="d">20110701</marcx:subfield>
                          <marcx:subfield code="f">a</marcx:subfield>
                        </marcx:datafield>
                        <marcx:datafield ind1="0" ind2="0" tag="002">
                          <marcx:subfield code="b">810010</marcx:subfield>
                          <marcx:subfield code="d">16002474</marcx:subfield>
                        </marcx:datafield>
                        <marcx:datafield ind1="0" ind2="0" tag="004">
                          <marcx:subfield code="r">c</marcx:subfield>
                          <marcx:subfield code="a">e</marcx:subfield>
                        </marcx:datafield>
                        <marcx:datafield ind1="0" ind2="0" tag="008">
                          <marcx:subfield code="t">p</marcx:subfield>
                          <marcx:subfield code="u">c</marcx:subfield>
                          <marcx:subfield code="a">1998</marcx:subfield>
                          <marcx:subfield code="b">dk</marcx:subfield>
                          <marcx:subfield code="h">m</marcx:subfield>
                          <marcx:subfield code="l">mul</marcx:subfield>
                          <marcx:subfield code="v">0</marcx:subfield>
                        </marcx:datafield>
                        <marcx:datafield ind1="0" ind2="0" tag="009">
                          <marcx:subfield code="a">a</marcx:subfield>
                          <marcx:subfield code="g">xx</marcx:subfield>
                        </marcx:datafield>
                        <marcx:datafield ind1="0" ind2="0" tag="022">
                          <marcx:subfield code="a">1600-2474</marcx:subfield>
                          <marcx:subfield code="c">hf.</marcx:subfield>
                        </marcx:datafield>
                        <marcx:datafield ind1="0" ind2="0" tag="041">
                          <marcx:subfield code="a">dan</marcx:subfield>
                          <marcx:subfield code="a">eng</marcx:subfield>
                        </marcx:datafield>
                        <marcx:datafield ind1="0" ind2="0" tag="089">
                          <marcx:subfield code="a">510</marcx:subfield>
                          <marcx:subfield code="c">21</marcx:subfield>
                        </marcx:datafield>
                        <marcx:datafield ind1="0" ind2="0" tag="096">
                          <marcx:subfield code="z">820070</marcx:subfield>
                        </marcx:datafield>
                        <marcx:datafield ind1="0" ind2="0" tag="222">
                          <marcx:subfield code="a">Skrift - Center for forskning i matematiklæring</marcx:subfield>
                        </marcx:datafield>
                        <marcx:datafield ind1="0" ind2="0" tag="245">
                          <marcx:subfield code="a">Skrift</marcx:subfield>
                          <marcx:subfield code="æ">Center for forskning i matematiklæring</marcx:subfield>
                        </marcx:datafield>
                        <marcx:datafield ind1="0" ind2="0" tag="260">
                          <marcx:subfield code="a">[Roskilde]</marcx:subfield>
                          <marcx:subfield code="d">[Elin Emborg, IMFUFA, RUC, Postboks 260, 4000]</marcx:subfield>
                          <marcx:subfield code="b">Center for forskning i matematiklæring</marcx:subfield>
                        </marcx:datafield>
                        <marcx:datafield ind1="0" ind2="0" tag="508">
                          <marcx:subfield code="a">Tekst på dansk eller engelsk</marcx:subfield>
                        </marcx:datafield>
                        <marcx:datafield ind1="0" ind2="0" tag="512">
                          <marcx:subfield code="i">Nogle numre med titel</marcx:subfield>
                          <marcx:subfield code="t">Publication / Centre for Research in Learning Mathematics</marcx:subfield>
                        </marcx:datafield>
                        <marcx:datafield ind1="0" ind2="0" tag="512">
                          <marcx:subfield code="i">På omslaget</marcx:subfield>
                          <marcx:subfield code="t">Forskning i matematiklæring : skriftserie,</marcx:subfield>
                        </marcx:datafield>
                        <marcx:datafield ind1="0" ind2="0" tag="512">
                          <marcx:subfield code="i">eller</marcx:subfield>
                          <marcx:subfield code="t">Research in learning mathematics : publications</marcx:subfield>
                        </marcx:datafield>
                        <marcx:datafield ind1="0" ind2="0" tag="512">
                          <marcx:subfield code="i">Varianttitel</marcx:subfield>
                          <marcx:subfield code="t">Skriftserie</marcx:subfield>
                          <marcx:subfield code="e">udgivet af Center for Forskning i Matematiklæring</marcx:subfield>
                        </marcx:datafield>
                        <marcx:datafield ind1="0" ind2="0" tag="512">
                          <marcx:subfield code="a">Centret er et samarbejde mellem forskere på Aalborg Universitet, Danmarks Pædagogiske Universitet (tidligere Danmarks Lærerhøjskole) og Roskilde Universitetscenter</marcx:subfield>
                        </marcx:datafield>
                        <marcx:datafield ind1="0" ind2="0" tag="652">
                          <marcx:subfield code="m">37.14</marcx:subfield>
                        </marcx:datafield>
                        <marcx:datafield ind1="0" ind2="0" tag="652">
                          <marcx:subfield code="p">37.1451</marcx:subfield>
                        </marcx:datafield>
                        <marcx:datafield ind1="0" ind2="0" tag="652">
                          <marcx:subfield code="p">51</marcx:subfield>
                        </marcx:datafield>
                        <marcx:datafield ind1="0" ind2="0" tag="661">
                          <marcx:subfield code="a">matematik</marcx:subfield>
                          <marcx:subfield code="a">fag i læseplan</marcx:subfield>
                          <marcx:subfield code="a">læreproces</marcx:subfield>
                          <marcx:subfield code="a">klassetrin syv til ti</marcx:subfield>
                          <marcx:subfield code="a">klassetrin elleve til tretten</marcx:subfield>
                          <marcx:subfield code="a">prøveforb. voksenundervisning</marcx:subfield>
                        </marcx:datafield>
                        <marcx:datafield ind1="0" ind2="0" tag="710">
                          <marcx:subfield code="a">Center for Forskning i Matematiklæring</marcx:subfield>
                        </marcx:datafield>
                        <marcx:datafield ind1="0" ind2="0" tag="745">
                          <marcx:subfield code="a">Skriftserie udgivet af Center for Forskning i Matematiklæring</marcx:subfield>
                        </marcx:datafield>
                        <marcx:datafield ind1="0" ind2="0" tag="980">
                          <marcx:subfield code="y">820070</marcx:subfield>
                          <marcx:subfield code="x">1</marcx:subfield>
                          <marcx:subfield code="b">1-</marcx:subfield>
                          <marcx:subfield code="d">1998-</marcx:subfield>
                        </marcx:datafield>
                      </marcx:record>
                    </marcx:collection>
                    <os:identifier>820010-katalog:5009691</os:identifier>
                    <os:creationDate>2011-07-08</os:creationDate>
                    <os:formatsAvailable>
                      <os:format>dkabm</os:format>
                      <os:format>marcxchange</os:format>
                    </os:formatsAvailable>
                  </os:object>
                </os:relationObject>
              </os:relation>
              <os:relation>
                <os:relationType>dbcbib:isPartOfManifestation</os:relationType>
                <os:relationUri>870970-basis:20126361</os:relationUri>
                <os:relationObject>
                  <os:object>
                    <dkabm:record>
                      <ac:identifier>20126361|870970</ac:identifier>
                      <dc:identifier xsi:type="dkdcplus:ISBN">87-88979-19-9</dc:identifier>
                      <dc:identifier xsi:type="dkdcplus:ISSN">0902-1817</dc:identifier>
                      <ac:source>Bibliotekskatalog</ac:source>
                      <dc:title>Skrift</dc:title>
                      <dc:title xsi:type="dkdcplus:full">Skrift : Åndfuld kemi. Nummer 19 (1992)</dc:title>
                      <dcterms:alternative>Skrifter fra Institut for Biologi og Kemi</dcterms:alternative>
                      <dc:subject xsi:type="dkdcplus:DK5">54</dc:subject>
                      <dc:subject xsi:type="dkdcplus:DK5-Text">Kemi</dc:subject>
                      <dc:description>Tidligere med seriebetegnelsen: Skrifter fra Institut for Biologi og Kemi</dc:description>
                      <dcterms:audience>voksenmaterialer</dcterms:audience>
                      <dc:publisher>Roskilde Universitetscenter, Institut for Biologi og Kemi</dc:publisher>
                      <dc:contributor>Jens Erik Josephsen</dc:contributor>
                      <dc:contributor>Roskilde Universitetscenter Institut for Biologi og Kemi</dc:contributor>
                      <dc:date>1992</dc:date>
                      <dc:date>1995</dc:date>
                      <dc:type xsi:type="dkdcplus:BibDK-Type">Serie</dc:type>
                      <dc:format>illustreret</dc:format>
                      <dcterms:extent>43, 43, 18 sider</dcterms:extent>
                      <dc:language xsi:type="dcterms:ISO639-2">dan</dc:language>
                      <dc:language>Dansk</dc:language>
                    </dkabm:record>