
                    <marcx:collection>
                      <marcx:record format="danMARC2" type="Bibliographic">
                        <marcx:leader>00000n    2200000   4500</marcx:leader>
                        <marcx:datafield ind1="0" ind2="0" tag="001">
                          <marcx:subfield code="a">20126361</marcx:subfield>
                          <marcx:subfield code="b">870970</marcx:subfield>
                          <marcx:subfield code="c">19921102</marcx:subfield>
                          <marcx:subfield code="d">19921102</marcx:subfield>
                          <marcx:subfield code="f">a</marcx:subfield>
                          <marcx:subfield code="o">c</marcx:subfield>
                        </marcx:datafield>
                        <marcx:datafield ind1="0" ind2="0" tag="004">
                          <marcx:subfield code="r">n</marcx:subfield>
                          <marcx:subfield code="a">e</marcx:subfield>
                        </marcx:datafield>
                        <marcx:datafield ind1="0" ind2="0" tag="008">
                          <marcx:subfield code="t">p</marcx:subfield>
                          <marcx:subfield code="b">dk</marcx:subfield>
                          <marcx:subfield code="h">m</marcx:subfield>
                          <marcx:subfield code="l">dan</marcx:subfield>
                          <marcx:subfield code="v">0</marcx:subfield>
                        </marcx:datafield>
                        <marcx:datafield ind1="0" ind2="0" tag="009">
                          <marcx:subfield code="a">a</marcx:subfield>
                          <marcx:subfield code="g">xx</marcx:subfield>
                        </marcx:datafield>
                        <marcx:datafield ind1="0" ind2="0" tag="018">
                          <marcx:subfield code="a">50283194</marcx:subfield>
                        </marcx:datafield>
                        <marcx:datafield ind1="0" ind2="0" tag="021">
                          <marcx:subfield code="a">87-88979-19-9</marcx:subfield>
                          <marcx:subfield code="c">hf.</marcx:subfield>
                          <marcx:subfield code="d">kr. 40,00 net.</marcx:subfield>
                        </marcx:datafield>
                        <marcx:datafield ind1="0" ind2="0" tag="022">
                          <marcx:subfield code="a">0902-1817</marcx:subfield>
                          <marcx:subfield code="c">hf.</marcx:subfield>
                        </marcx:datafield>
                        <marcx:datafield ind1="0" ind2="0" tag="032">
                          <marcx:subfield code="a">DBF199248</marcx:subfield>
                        </marcx:datafield>
                        <marcx:datafield ind1="0" ind2="0" tag="245">
                          <marcx:subfield code="a">Skrift</marcx:subfield>
                          <marcx:subfield code="c">Åndfuld kemi</marcx:subfield>
                          <marcx:subfield code="g">Nummer 19 (1992)</marcx:subfield>
                          <marcx:subfield code="e">Jens Josephsen</marcx:subfield>
                        </marcx:datafield>
                        <marcx:datafield ind1="0" ind2="0" tag="260">
                          <marcx:subfield code="c">1992</marcx:subfield>
                          <marcx:subfield code="k">u.st.</marcx:subfield>
                        </marcx:datafield>
                        <marcx:datafield ind1="0" ind2="0" tag="260">
                          <marcx:subfield code="a">Roskilde</marcx:subfield>
                          <marcx:subfield code="b">Roskilde Universitetscenter, Institut for Biologi og Kemi</marcx:subfield>
                          <marcx:subfield code="c">1986-1995</marcx:subfield>
                        </marcx:datafield>
                        <marcx:datafield ind1="0" ind2="0" tag="300">
                          <marcx:subfield code="a">43, 43, 18 sider</marcx:subfield>
                          <marcx:subfield code="b">ill.</marcx:subfield>
                          <marcx:subfield code="c">30 cm</marcx:subfield>
                        </marcx:datafield>
                        <marcx:datafield ind1="0" ind2="0" tag="300">
                          <marcx:subfield code="c">30 cm</marcx:subfield>
                        </marcx:datafield>
                        <marcx:datafield ind1="0" ind2="0" tag="500">
                          <marcx:subfield code="a">Uregelmæssig</marcx:subfield>
                        </marcx:datafield>
                        <marcx:datafield ind1="0" ind2="0" tag="505">
                          <marcx:subfield code="a">Serie</marcx:subfield>
                        </marcx:datafield>
                        <marcx:datafield ind1="0" ind2="0" tag="512">
                          <marcx:subfield code="i">Nr. 17-nummer 21 med titel</marcx:subfield>
                          <marcx:subfield code="t">Skrifter fra Institut for Biologi og Kemi</marcx:subfield>
                        </marcx:datafield>
                        <marcx:datafield ind1="0" ind2="0" tag="512">
                          <marcx:subfield code="a">Tidligere med seriebetegnelsen: Skrifter fra Institut for Biologi og Kemi</marcx:subfield>
                        </marcx:datafield>
                        <marcx:datafield ind1="0" ind2="0" tag="652">
                          <marcx:subfield code="m">54</marcx:subfield>
                        </marcx:datafield>
                        <marcx:datafield ind1="0" ind2="0" tag="652">
                          <marcx:subfield code="p">56</marcx:subfield>
                        </marcx:datafield>
                        <marcx:datafield ind1="0" ind2="0" tag="700">
                          <marcx:subfield code="a">Josephsen</marcx:subfield>
                          <marcx:subfield code="h">Jens Erik</marcx:subfield>
                        </marcx:datafield>
                        <marcx:datafield ind1="0" ind2="0" tag="710">
                          <marcx:subfield code="a">Roskilde Universitetscenter</marcx:subfield>
                          <marcx:subfield code="c">Institut for Biologi og Kemi</marcx:subfield>
                        </marcx:datafield>
                        <marcx:datafield ind1="0" ind2="0" tag="910">
                          <marcx:subfield code="a">Institut for Biologi og Kemi, Roskilde Universitetscenter</marcx:subfield>
                          <marcx:subfield code="z">710</marcx:subfield>
                        </marcx:datafield>
                        <marcx:datafield ind1="0" ind2="0" tag="910">
                          <marcx:subfield code="a">RUC</marcx:subfield>
                          <marcx:subfield code="z">710(a)</marcx:subfield>
                        </marcx:datafield>
                        <marcx:datafield ind1="0" ind2="0" tag="996">
                          <marcx:subfield code="a">DBC</marcx:subfield>
                        </marcx:datafield>
                      </marcx:record>