
                      <marcx:record format="danMARC2" type="BibliographicVolume">
                        <marcx:leader>00000n    2200000   4500</marcx:leader>
                        <marcx:datafield ind1="0" ind2="0" tag="001">
                          <marcx:subfield code="a">20126361</marcx:subfield>
                          <marcx:subfield code="b">870970</marcx:subfield>
                          <marcx:subfield code="c">19921102</marcx:subfield>
                          <marcx:subfield code="d">19921102</marcx:subfield>
                          <marcx:subfield code="f">a</marcx:subfield>
                          <marcx:subfield code="o">c</marcx:subfield>
                        </marcx:datafield>
                        <marcx:datafield ind1="0" ind2="0" tag="004">
                          <marcx:subfield code="r">n</marcx:subfield>
                          <marcx:subfield code="a">b</marcx:subfield>
                        </marcx:datafield>
                        <marcx:datafield ind1="0" ind2="0" tag="008">
                          <marcx:subfield code="t">p</marcx:subfield>
                          <marcx:subfield code="v">0</marcx:subfield>
                        </marcx:datafield>
                        <marcx:datafield ind1="0" ind2="0" tag="014">
                          <marcx:subfield code="a">50283194</marcx:subfield>
                        </marcx:datafield>
                        <marcx:datafield ind1="0" ind2="0" tag="021">
                          <marcx:subfield code="a">87-88979-19-9</marcx:subfield>
                          <marcx:subfield code="c">hf.</marcx:subfield>
                          <marcx:subfield code="d">kr. 40,00 net.</marcx:subfield>
                        </marcx:datafield>
                        <marcx:datafield ind1="0" ind2="0" tag="032">
                          <marcx:subfield code="a">DBF199248</marcx:subfield>
                        </marcx:datafield>
                        <marcx:datafield ind1="0" ind2="0" tag="245">
                          <marcx:subfield code="G">19</marcx:subfield>
                          <marcx:subfield code="g">Nummer 19 (1992)</marcx:subfield>
                          <marcx:subfield code="a">Åndfuld kemi</marcx:subfield>
                          <marcx:subfield code="c">om kemiske forhold ved respiration</marcx:subfield>
                          <marcx:subfield code="e">Jens Josephsen</marcx:subfield>
                        </marcx:datafield>
                        <marcx:datafield ind1="0" ind2="0" tag="260">
                          <marcx:subfield code="c">1992</marcx:subfield>
                          <marcx:subfield code="k">u.st.</marcx:subfield>
                        </marcx:datafield>
                        <marcx:datafield ind1="0" ind2="0" tag="300">
                          <marcx:subfield code="a">43, 43, 18 sider</marcx:subfield>
                          <marcx:subfield code="b">ill.</marcx:subfield>
                          <marcx:subfield code="c">30 cm</marcx:subfield>
                        </marcx:datafield>
                        <marcx:datafield ind1="0" ind2="0" tag="700">
                          <marcx:subfield code="a">Josephsen</marcx:subfield>
                          <marcx:subfield code="h">Jens Erik</marcx:subfield>
                        </marcx:datafield>
                      </marcx:record>
                    </marcx:collection>
                    <os:identifier>870970-basis:20126361</os:identifier>
                    <os:creationDate>2005-03-02</os:creationDate>
                    <os:formatsAvailable>
                      <os:format>dkabm</os:format>
                      <os:format>marcxchange</os:format>
                    </os:formatsAvailable>
                  </os:object>
                </os:relationObject>
              </os:relation>
              <os:relation>
                <os:relationType>dbcbib:isPartOfManifestation</os:relationType>
                <os:relationUri>870970-basis:07043473</os:relationUri>
                <os:relationObject>
                  <os:object>
                    <dkabm:record>
                      <ac:identifier>07043473|870970</ac:identifier>
                      <dc:identifier xsi:type="dkdcplus:ISBN">87-88979-14-8</dc:identifier>
                      <dc:identifier xsi:type="dkdcplus:ISSN">0902-1817</dc:identifier>
                      <ac:source>Bibliotekskatalog</ac:source>
                      <dc:title>Skrift</dc:title>
                      <dc:title xsi:type="dkdcplus:full">Skrift : Chasmogami og kleistogami hos Oxalis acetosella &amp; Viola selkirkii. Nr. 14</dc:title>
                      <dcterms:alternative>Skrifter fra Institut for Biologi og Kemi</dcterms:alternative>
                      <dc:subject xsi:type="dkdcplus:DK5">54</dc:subject>
                      <dc:subject xsi:type="dkdcplus:DK5-Text">Kemi</dc:subject>
                      <dc:description>Tidligere med seriebetegnelsen: Skrifter fra Institut for Biologi og Kemi</dc:description>
                      <dc:description>Heri indgår: "Skrift / Roskilde Universitetscenter, Institut for Biologi og Kemi". Nr. 7, og: Nr. 13</dc:description>
                      <dcterms:audience>voksenmaterialer</dcterms:audience>
                      <dc:publisher>Roskilde Universitetscenter, Institut for Biologi og Kemi</dc:publisher>
                      <dc:contributor>Svend Erik Nielsen (f. 1956)</dc:contributor>
                      <dc:contributor>Frans Ulbæk</dc:contributor>
                      <dc:contributor>Roskilde Universitetscenter Institut for Biologi og Kemi</dc:contributor>
                      <dc:date>1990</dc:date>
                      <dc:date>1995</dc:date>
                      <dc:type xsi:type="dkdcplus:BibDK-Type">Serie</dc:type>
                      <dc:format>illustreret</dc:format>
                      <dcterms:extent>25 sider, bilag A-J (144 sider)</dcterms:extent>
                      <dc:language xsi:type="dcterms:ISO639-2">dan</dc:language>
                      <dc:language>Dansk</dc:language>
                    </dkabm:record>