
                      <marcx:record format="danMARC2" type="BibliographicVolume">
                        <marcx:leader>00000n    2200000   4500</marcx:leader>
                        <marcx:datafield ind1="0" ind2="0" tag="001">
                          <marcx:subfield code="a">07043473</marcx:subfield>
                          <marcx:subfield code="b">870970</marcx:subfield>
                          <marcx:subfield code="c">19900428</marcx:subfield>
                          <marcx:subfield code="d">19900428</marcx:subfield>
                          <marcx:subfield code="f">a</marcx:subfield>
                          <marcx:subfield code="o">c</marcx:subfield>
                        </marcx:datafield>
                        <marcx:datafield ind1="0" ind2="0" tag="004">
                          <marcx:subfield code="r">n</marcx:subfield>
                          <marcx:subfield code="a">b</marcx:subfield>
                        </marcx:datafield>
                        <marcx:datafield ind1="0" ind2="0" tag="008">
                          <marcx:subfield code="t">p</marcx:subfield>
                          <marcx:subfield code="d">q</marcx:subfield>
                          <marcx:subfield code="v">0</marcx:subfield>
                        </marcx:datafield>
                        <marcx:datafield ind1="0" ind2="0" tag="014">
                          <marcx:subfield code="a">50283194</marcx:subfield>
                        </marcx:datafield>
                        <marcx:datafield ind1="0" ind2="0" tag="021">
                          <marcx:subfield code="a">87-88979-14-8</marcx:subfield>
                          <marcx:subfield code="c">hf.</marcx:subfield>
                          <marcx:subfield code="d">pris ikke oplyst</marcx:subfield>
                        </marcx:datafield>
                        <marcx:datafield ind1="0" ind2="0" tag="032">
                          <marcx:subfield code="a">DBF199020</marcx:subfield>
                          <marcx:subfield code="a">DPF199020</marcx:subfield>
                        </marcx:datafield>
                        <marcx:datafield ind1="0" ind2="0" tag="041">
                          <marcx:subfield code="a">dan</marcx:subfield>
                          <marcx:subfield code="d">eng</marcx:subfield>
                        </marcx:datafield>
                        <marcx:datafield ind1="0" ind2="0" tag="245">
                          <marcx:subfield code="G">14</marcx:subfield>
                          <marcx:subfield code="g">Nr. 14</marcx:subfield>
                          <marcx:subfield code="a">Chasmogami og kleistogami hos Oxalis acetosella &amp; Viola selkirkii</marcx:subfield>
                          <marcx:subfield code="e">af Svend Erik Nielsen &amp; Frans Ulbæk</marcx:subfield>
                        </marcx:datafield>
                        <marcx:datafield ind1="0" ind2="0" tag="260">
                          <marcx:subfield code="c">[1990]</marcx:subfield>
                          <marcx:subfield code="k">u.st.</marcx:subfield>
                        </marcx:datafield>
                        <marcx:datafield ind1="0" ind2="0" tag="300">
                          <marcx:subfield code="a">25 sider, bilag A-J ([144] sider)</marcx:subfield>
                          <marcx:subfield code="b">ill.</marcx:subfield>
                          <marcx:subfield code="c">30 cm</marcx:subfield>
                        </marcx:datafield>
                        <marcx:datafield ind1="0" ind2="0" tag="505">
                          <marcx:subfield code="a">Specialeprojekt</marcx:subfield>
                        </marcx:datafield>
                        <marcx:datafield ind1="0" ind2="0" tag="534">
                          <marcx:subfield code="a">Heri indgår: "Skrift / Roskilde Universitetscenter, Institut for Biologi og Kemi". Nr. 7, og: Nr. 13</marcx:subfield>
                        </marcx:datafield>
                        <marcx:datafield ind1="0" ind2="0" tag="700">
                          <marcx:subfield code="a">Nielsen</marcx:subfield>
                          <marcx:subfield code="h">Svend Erik</marcx:subfield>
                          <marcx:subfield code="c">f. 1956</marcx:subfield>
                        </marcx:datafield>
                        <marcx:datafield ind1="0" ind2="0" tag="700">
                          <marcx:subfield code="a">Ulbæk</marcx:subfield>
                          <marcx:subfield code="h">Frans</marcx:subfield>
                        </marcx:datafield>
                      </marcx:record>
                    </marcx:collection>
                    <os:identifier>870970-basis:07043473</os:identifier>
                    <os:creationDate>2005-03-01</os:creationDate>
                    <os:formatsAvailable>
                      <os:format>dkabm</os:format>
                      <os:format>marcxchange</os:format>
                    </os:formatsAvailable>
                  </os:object>
                </os:relationObject>
              </os:relation>
              <os:relation>
                <os:relationType>dbcbib:isPartOfManifestation</os:relationType>
                <os:relationUri>870970-basis:07271476</os:relationUri>
                <os:relationObject>
                  <os:object>
                    <dkabm:record>
                      <ac:identifier>07271476|870970</ac:identifier>
                      <dc:identifier xsi:type="dkdcplus:ISBN">87-88979-18-0</dc:identifier>
                      <dc:identifier xsi:type="dkdcplus:ISSN">0902-1817</dc:identifier>
                      <ac:source>Bibliotekskatalog</ac:source>
                      <dc:title>Skrift</dc:title>
                      <dc:title xsi:type="dkdcplus:full">Skrift : Ibuprofen. Nummer 18 (1991)</dc:title>
                      <dcterms:alternative>Skrifter fra Institut for Biologi og Kemi</dcterms:alternative>
                      <dc:subject xsi:type="dkdcplus:DK5">54</dc:subject>
                      <dc:subject xsi:type="dkdcplus:DK5-Text">Kemi</dc:subject>
                      <dc:description>Tidligere med seriebetegnelsen: Skrifter fra Institut for Biologi og Kemi</dc:description>
                      <dc:description xsi:type="dkdcplus:series">Knytter sig til: Skrift / Roskilde Universitetscenter, Institut for Biologi og Kemi. Nr. 5 : Smerte-kemi / Niels-Erik Foldberg, Poul Erik Hansen og Jens Josephsen</dc:description>
                      <dcterms:audience>voksenmaterialer</dcterms:audience>
                      <dc:publisher>Roskilde Universitetscenter, Institut for Biologi og Kemi</dc:publisher>
                      <dc:contributor>Poul Erik Hansen (f. 1945)</dc:contributor>
                      <dc:contributor>Roskilde Universitetscenter Institut for Biologi og Kemi</dc:contributor>
                      <dc:date>1991</dc:date>
                      <dc:date>1995</dc:date>
                      <dc:type xsi:type="dkdcplus:BibDK-Type">Serie</dc:type>
                      <dc:format>illustreret</dc:format>
                      <dcterms:extent>11, 11 sider</dcterms:extent>
                      <dc:language xsi:type="dcterms:ISO639-2">dan</dc:language>
                      <dc:language>Dansk</dc:language>
                    </dkabm:record>