
                      <marcx:record format="danMARC2" type="BibliographicVolume">
                        <marcx:leader>00000n    2200000   4500</marcx:leader>
                        <marcx:datafield ind1="0" ind2="0" tag="001">
                          <marcx:subfield code="a">07271476</marcx:subfield>
                          <marcx:subfield code="b">870970</marcx:subfield>
                          <marcx:subfield code="c">19921102</marcx:subfield>
                          <marcx:subfield code="d">19911023</marcx:subfield>
                          <marcx:subfield code="f">a</marcx:subfield>
                          <marcx:subfield code="o">c</marcx:subfield>
                        </marcx:datafield>
                        <marcx:datafield ind1="0" ind2="0" tag="004">
                          <marcx:subfield code="r">n</marcx:subfield>
                          <marcx:subfield code="a">b</marcx:subfield>
                        </marcx:datafield>
                        <marcx:datafield ind1="0" ind2="0" tag="008">
                          <marcx:subfield code="t">p</marcx:subfield>
                          <marcx:subfield code="d">å</marcx:subfield>
                          <marcx:subfield code="v">0</marcx:subfield>
                        </marcx:datafield>
                        <marcx:datafield ind1="0" ind2="0" tag="014">
                          <marcx:subfield code="a">50283194</marcx:subfield>
                        </marcx:datafield>
                        <marcx:datafield ind1="0" ind2="0" tag="021">
                          <marcx:subfield code="a">87-88979-18-0</marcx:subfield>
                          <marcx:subfield code="c">hf.</marcx:subfield>
                          <marcx:subfield code="d">kr. 10,00 net.</marcx:subfield>
                        </marcx:datafield>
                        <marcx:datafield ind1="0" ind2="0" tag="032">
                          <marcx:subfield code="a">DBF199146</marcx:subfield>
                          <marcx:subfield code="a">DPF199146</marcx:subfield>
                        </marcx:datafield>
                        <marcx:datafield ind1="0" ind2="0" tag="245">
                          <marcx:subfield code="G">18</marcx:subfield>
                          <marcx:subfield code="g">Nummer 18 (1991)</marcx:subfield>
                          <marcx:subfield code="a">Ibuprofen</marcx:subfield>
                          <marcx:subfield code="b">alias: brufen, ibular, ibumethin, ipren, nurofen</marcx:subfield>
                          <marcx:subfield code="c">et nyt smertestillende middel ...</marcx:subfield>
                          <marcx:subfield code="c">tillæg til Smertekemi</marcx:subfield>
                          <marcx:subfield code="e">Poul Erik Hansen</marcx:subfield>
                        </marcx:datafield>
                        <marcx:datafield ind1="0" ind2="0" tag="260">
                          <marcx:subfield code="c">1991</marcx:subfield>
                          <marcx:subfield code="k">u.st.</marcx:subfield>
                        </marcx:datafield>
                        <marcx:datafield ind1="0" ind2="0" tag="300">
                          <marcx:subfield code="a">11, 11 sider</marcx:subfield>
                          <marcx:subfield code="b">ill.</marcx:subfield>
                          <marcx:subfield code="c">30 cm</marcx:subfield>
                        </marcx:datafield>
                        <marcx:datafield ind1="0" ind2="0" tag="526">
                          <marcx:subfield code="a">Knytter sig til: Skrift / Roskilde Universitetscenter, Institut for Biologi og Kemi. Nr. 5 : Smerte-kemi / Niels-Erik Foldberg, Poul Erik Hansen og Jens Josephsen</marcx:subfield>
                        </marcx:datafield>
                        <marcx:datafield ind1="0" ind2="0" tag="700">
                          <marcx:subfield code="a">Hansen</marcx:subfield>
                          <marcx:subfield code="h">Poul Erik</marcx:subfield>
                          <marcx:subfield code="c">f. 1945</marcx:subfield>
                        </marcx:datafield>
                      </marcx:record>
                    </marcx:collection>
                    <os:identifier>870970-basis:07271476</os:identifier>
                    <os:creationDate>2005-03-02</os:creationDate>
                    <os:formatsAvailable>
                      <os:format>dkabm</os:format>
                      <os:format>marcxchange</os:format>
                    </os:formatsAvailable>
                  </os:object>
                </os:relationObject>
              </os:relation>
            </os:relations>
          </os:object>
        </os:collection>
      </ns1:originalData>
      <ns1:outputFormat>PLACEHOLDER</ns1:outputFormat>
      <ns1:trackingId>art_forsk.xml.PLACEHOLDER</ns1:trackingId>
    </ns1:formatRequest>
  </SOAP-ENV:Body>
</SOAP-ENV:Envelope>
